2066 3366
937 228 1227 269 ,42-

950 390 1002 432 De
1037 391 1210 433 creticis.

453 479 683 521 Trochaeis
717 480 862 521 affines
896 493 989 521 esse
1030 481 1207 522 creticos
1248 482 1351 523 satis
1389 483 1474 525 iam
1506 490 1699 539 apparet.
1754 500 1852 540 quo-

311 548 434 589 modo
468 549 715 602 hinumeri,
750 563 854 602 quos
886 563 907 590 e
940 550 1072 592 sacris
1106 551 1272 605 hymnis
1305 553 1522 607 Delphicis
1563 569 1696 610 nuper
1728 571 1851 598 accu-

310 619 442 660 ratius
490 621 764 672 cognovimus
811 621 898 660 ‘usu
948 621 1068 672 quasi
1117 626 1432 664 contererentur
1478 629 1605 677 atque
1658 627 1852 680 vulgaria

309 689 461 730 sensim
495 694 535 730 ct
569 689 741 730 humilia
774 690 920 731 tierent
953 704 1061 743 quae
1094 692 1190 732 olim
1222 693 1373 745 gravia
1414 698 1454 735 et
1499 695 1589 738 deis
1622 697 1724 751 ipsis
1757 711 1851 739 eon-

312 760 522 800 venicntia
554 761 645 801 visa
678 761 829 802 essent*
865 761 961 803 Wil.
996 762 1245 816 exposuit¹),
1310 764 1385 805 sed
1428 778 1554 807 verae
1587 770 1715 820 atque
1747 768 1851 810 anti-

309 843 417 881 quae
461 834 639 870 naturae
684 830 843 882 aliquid
889 844 1054 885 semper
1095 839 1390 888 servaverunt3
1436 849 1532 876 nam
1575 837 1679 879 satis
1726 838 1849 879 vehe-

309 904 467 940 menter
499 914 666 954 semper
707 906 856 942 sonant
889 901 1015 942 ctiam
1058 903 1098 942 in
1141 903 1381 958 comoedia,
1415 906 1527 957 quod
1557 907 1711 949 arsium
1755 921 1849 950 con-

308 984 429 1012 cursu
479 971 669 1013 efficitur.
743 977 870 1024 atque
918 986 966 1013 eo
1014 974 1275 1027 potissimum
1324 976 1416 1017 loco
1463 975 1730 1031 adhibentur,
1778 978 1850 1019 ubi

307 1041 463 1082 maiore
498 1041 536 1082 vi
570 1042 700 1082 utitur
733 1047 871 1096 poeta,
906 1043 946 1083 in
980 1044 1140 1097 parodo
1174 1049 1301 1097 atque
1334 1050 1433 1099 tum,
1468 1059 1562 1087 eum
1594 1046 1657 1088 ira
1688 1047 1848 1090 inflam-

308 1117 445 1153 matus
489 1116 530 1153 et
575 1112 805 1154 ulciscendi
852 1113 1150 1168 cupidissimus
1195 1115 1345 1157 chorus
1387 1116 1549 1158 hostem
1592 1118 1712 1170 quasi
1757 1133 1848 1173 per-

305 1195 483 1234 sequens
527 1182 568 1223 in
613 1196 781 1224 scenam
826 1183 1005 1238 proruit,
1051 1185 1086 1225 A
1131 1185 1195 1238 Eq
1240 1186 1304 1227 Av
1348 1186 1397 1229 L.
1431 1192 1610 1239 augetur
1648 1188 1752 1230 haec
1784 1189 1847 1231 vis

305 1252 439 1293 altera
480 1252 562 1294 arsi
605 1253 755 1308 soluta,
799 1267 882 1306 qua
922 1267 967 1295 re
1008 1254 1220 1309 cupiditas
1258 1257 1540 1310 persequendi
1581 1258 1737 1313 optime
1776 1259 1846 1301 de-

305 1323 503 1377 pingitur,
537 1324 652 1365 velut
684 1324 733 1366 A.
767 1338 805 1366 V.
839 1324 924 1365 230
956 1338 1017 1377 sq.

474 1412 573 1452 κούκ
606 1412 751 1462 ἀνήσω
784 1414 880 1463 πρὶν
913 1413 962 1454 ἂν
995 1416 1165 1464 σχοῖνος
1198 1417 1387 1456 αὐτοῖσιν
1421 1416 1668 1466 ἀντεμπαγῶ

474 1484 571 1532 ὀξὺς
604 1483 812 1532 ὀδυνηρὸς
845 1486 871 1536 †
904 1484 1124 1533 ἐπίκωπος,
1155 1484 1265 1537 ’ίναῆ

474 1555 628 1603 μήποτε
661 1556 852 1594 πατῶσιν
886 1555 940 1594 ἔτι
974 1555 1048 1603 τὰς
1081 1555 1182 1604 ἐμὰς
1215 1555 1435 1606 ἀμπέλους.

444 1652 612 1702 Cretici,
646 1653 796 1705 quibus
829 1653 1001 1706 antiqua
1044 1654 1264 1696 comoedia
1305 1655 1547 1698 abundasse
1589 1657 1769 1713 videtur,
1802 1660 1843 1699 in

302 1722 510 1775 prioribus
562 1723 716 1765 fabulis
769 1723 997 1765 admodum
1042 1724 1283 1777 frequentes
1337 1731 1444 1768 sunt.
1509 1727 1662 1769 deinde
1706 1729 1842 1782 magis

302 1794 518 1846 magisque
553 1798 821 1847 evanescunt,
855 1793 914 1835 ita
946 1799 991 1835 ut
1022 1795 1275 1849 posteriores
1307 1796 1478 1838 fabulae
1510 1797 1636 1852 plane
1669 1804 1842 1840 careant

303 1862 365 1903 his
389 1863 583 1906 numeris.
618 1864 658 1904 in
682 1864 1038 1918 Acharnensibus,
1065 1865 1202 1919 prima
1224 1865 1382 1920 fabula,
1407 1871 1555 1919 quater
1578 1868 1842 1922 reperiuntur

302 1933 402 1974 (208
428 1955 479 1968 z
505 1934 558 1974 ς)3
604 1935 644 1974 iu
677 1934 851 1988 parodo,
886 1935 971 1976 ‘284
1002 1955 1048 1972 =
1080 1935 1220 1990 335³),
1255 1936 1339 1978 665
1371 1958 1423 1972 =
1453 1938 1508 1979 92
1552 1937 1593 1978 in
1625 1938 1839 1992 parabasi,

301 2004 456 2043 971:
485 2005 538 2045 88
587 2004 626 2044 in
675 2005 874 2059 parabasi
922 2005 1213 2060 secundaria),
1268 2006 1309 2047 in
1356 2007 1598 2062 Equitibus,
1647 2010 1840 2063 proxima

300 2073 456 2127 fabula,
498 2076 626 2116 semel
666 2076 766 2128 (3:303
799 2078 854 2116 22
879 2097 931 2111 z
973 2078 1010 2117 ⁴2
1043 2078 1096 2118 97
1143 2077 1184 2117 in
1229 2077 1431 2131 pa1·odo);
1474 2078 1573 2119 item
1614 2078 1655 2119 in
1688 2080 1839 2133 Vespis

301 2148 355 2189 (v.
389 2144 474 2184 410
506 2158 596 2197 sqq.
623 2167 674 2180 z
709 2146 763 2186 68
798 2150 925 2199 sqq.);
969 2146 1240 2200 singulariter
1272 2147 1313 2188 in
1345 2148 1506 2190 Avibus
1539 2153 1595 2203 (v.
1629 2150 1712 2190 333
1746 2163 1837 2203 sqq.

302 2233 348 2249 .-
375 2214 429 2254 49
463 2228 553 2267 sqq.
587 2214 628 2255 in
662 2215 855 2270 parodo),
889 2217 959 2257 ubi
991 2217 1218 2271 singularis
1259 2231 1426 2271 quoque
1467 2219 1603 2262 forma
1642 2222 1836 2277 occurrit,

439 2367 466 2405 1)
494 2366 581 2401 Wil.
609 2378 745 2401 comni.
772 2374 882 2404 metr.
909 2371 926 2404 I
953 2382 1018 2416 pg.
1044 2371 1063 2403 7
1091 2382 1145 2414 sq.

439 2425 466 2467 ²)
494 2425 588 2459 Post
615 2427 801 2469 ὀδυνηρὸς
837 2429 981 2463 lacuna
1017 2432 1208 2473 quattuor
1244 2430 1485 2474 syllabarum
1521 2431 1604 2465 hiat
1640 2434 1677 2465 et
1710 2432 1834 2467 adiec-

300 2483 422 2515 tivum
451 2483 625 2517 eiusdem
653 2487 811 2527 generis
839 2491 875 2520 et
904 2498 1024 2522 sonus
1052 2488 1245 2522 excidisse
1271 2489 1595 2524 verisimillimum
1623 2493 1693 2524 est.

437 2542 465 2583 3)
493 2541 535 2574 V.
565 2542 631 2575 :538
660 2543 743 2576 libri
772 2546 963 2588 praebent
989 2545 1080 2578 ἀλλὰ
1106 2549 1172 2578 νῦν
1193 2545 1263 2586 λέγ’
1292 2546 1322 2579 εἴ
1346 2546 1403 2579 τοί
1424 2547 1648 2591 (Blaydesio
1676 2548 1833 2591 quidem

298 2602 411 2635 teste)
453 2609 509 2632 σοι
550 2601 658 2639 δοκεῖ,
697 2602 764 2634 τόν
802 2613 841 2635 τε
885 2604 1173 2643 Λακεδαιμόνιον
1211 2604 1328 2637 αὐτὸν
1367 2606 1422 2638 ὅτι
1460 2609 1513 2649 τῷ
1548 2606 1678 2649 τρόπῳ
1702 2607 1833 2641 σούστὶ

297 2657 403 2697 φίλος
436 2658 509 2701 (R).
558 2659 637 2692 νυνὶ
685 2671 754 2693 scr.
796 2660 1014 2695 Elmsleius.
1061 2662 1269 2696 offendunt
1306 2663 1428 2696 verba
1468 2674 1571 2707 quae
1609 2668 1832 2708 sequuntur

299 2716 394 2755 „iarn
423 2716 541 2759 dicas,
569 2718 599 2750 si
628 2718 694 2750 tibi
724 2719 862 2762 placet,
890 2721 1017 2764 ipsum
1036 2719 1395 2756 Lacedaemonium
1422 2725 1591 2756 naturae
1618 2725 1712 2757 tuae
1738 2725 1831 2757 ami-

296 2784 383 2806 cum
412 2778 530 2807 essc.“
561 2786 688 2819 neque
717 2777 819 2809 enini
848 2777 919 2811 hoc
938 2778 1188 2822 Dicaeopolis
1207 2783 1326 2813 antea
1346 2780 1524 2814 dicturus
1543 2784 1640 2823 erat,
1665 2781 1733 2815 sed
1752 2792 1829 2826 quo

296 2835 409 2874 pacto
438 2843 525 2866 curn
554 2833 878 2868 Lacedaemoniis
906 2836 1044 2870 foedus
1072 2837 1231 2871 fecisset
1258 2838 1320 2880 (cf.
1347 2849 1382 2872 v.
1410 2837 1488 2871 292.
1515 2838 1609 2877 306).
1662 2840 1829 2874 scriben-

296 2890 385 2924 ‹lum
414 2892 536 2935 igitur
563 2898 620 2925 cst
649 2903 734 2926 cun]
764 2893 943 2929 Kaibclio
972 2895 1038 2938 οἵῳ
1065 2896 1195 2939 τρόπῳ
1223 2896 1353 2930 σούστὶ
1389 2896 1505 2939 φίλος.
1543 2917 1585 2920 -
1618 2898 1685 2932 sed
1721 2899 1830 2933 aliud
