<?xml version="1.0" encoding="UTF-8"?>
<!DOCTYPE html PUBLIC "-//W3C//DTD XHTML 1.0 Transitional//EN"
    "http://www.w3.org/TR/xhtml1/DTD/xhtml1-transitional.dtd">
<html xmlns="http://www.w3.org/1999/xhtml" xml:lang="en" lang="en">
 <head>
  <title>
</title>
<meta http-equiv="Content-Type" content="text/html;charset=utf-8" />
  <meta name='ocr-system' content='tesseract 3.04.00' />
  <meta name='ocr-capabilities' content='ocr_page ocr_carea ocr_par ocr_line ocrx_word'/>
</head>
<body>
  <div class='ocr_page' id='page_1' title='image "./dearistophanisca00steuuoft_0047.png"; bbox 0 0 2066 3366; ppageno 0'>
   <div class='ocr_carea' id='block_1_1' title="bbox 201 343 1753 2760">
    <p class='ocr_par' dir='ltr' id='par_1_1' title="bbox 208 343 1753 1100">
     <span class='ocr_line' id='line_1_1' title="bbox 352 343 614 393; baseline -0.004 -9"><span class='ocrx_word' id='word_1_1' title='bbox 352 343 435 393; x_wconf 88' lang='grc' dir='ltr'>ἅμα</span> <span class='ocrx_word' id='word_1_2' title='bbox 470 345 516 384; x_wconf 84' lang='grc' dir='ltr'>δὲ</span> <span class='ocrx_word' id='word_1_3' title='bbox 548 344 614 383; x_wconf 88' lang='grc' dir='ltr'>καὶ</span> 
     </span>
     <span class='ocr_line' id='line_1_2' title="bbox 409 412 941 462; baseline -0.008 -8"><span class='ocrx_word' id='word_1_4' title='bbox 409 414 531 462; x_wconf 82' lang='grc' dir='ltr'>γένος</span> <span class='ocrx_word' id='word_1_5' title='bbox 562 412 798 462; x_wconf 83' lang='grc' dir='ltr'>Ὀλυμπίων</span> <span class='ocrx_word' id='word_1_6' title='bbox 832 414 941 451; x_wconf 78' lang='grc' dir='ltr'>Θεῶν</span> 
     </span>
     <span class='ocr_line' id='line_1_3' title="bbox 410 482 1578 533; baseline -0.004 -9"><span class='ocrx_word' id='word_1_7' title='bbox 410 485 535 533; x_wconf 77' lang='grc' dir='ltr'>μέλπε</span> <span class='ocrx_word' id='word_1_8' title='bbox 569 484 632 523; x_wconf 86' lang='grc' dir='ltr'>καὶ</span> <span class='ocrx_word' id='word_1_9' title='bbox 665 483 830 532; x_wconf 75' lang='grc' dir='ltr'>γέραιρε</span> <span class='ocrx_word' id='word_1_10' title='bbox 864 486 985 533; x_wconf 75' lang='grc' dir='ltr'>φωνῇ</span> <span class='ocrx_word' id='word_1_11' title='bbox 1020 485 1137 520; x_wconf 76' lang='grc' dir='ltr'>πάσα</span> <span class='ocrx_word' id='word_1_12' title='bbox 1169 483 1392 530; x_wconf 73' lang='grc' dir='ltr'>χορομανεῖ</span> <span class='ocrx_word' id='word_1_13' title='bbox 1426 482 1578 532; x_wconf 77' lang='grc' dir='ltr'>τρόπω.</span> 
     </span>
     <span class='ocr_line' id='line_1_4' title="bbox 350 555 555 603; baseline -0.005 -9"><span class='ocrx_word' id='word_1_14' title='bbox 350 556 384 594; x_wconf 87' lang='grc' dir='ltr'>εί</span> <span class='ocrx_word' id='word_1_15' title='bbox 418 555 463 594; x_wconf 80' lang='grc' dir='ltr'>δέ</span> <span class='ocrx_word' id='word_1_16' title='bbox 495 567 555 603; x_wconf 90' lang='grc' dir='ltr'>τις</span> 
     </span>
     <span class='ocr_line' id='line_1_5' title="bbox 409 624 940 676; baseline -0.006 -11"><span class='ocrx_word' id='word_1_17' title='bbox 409 627 630 676; x_wconf 81' lang='grc' dir='ltr'>προσδοκᾷ</span> <span class='ocrx_word' id='word_1_18' title='bbox 663 625 800 671; x_wconf 76' lang='grc' dir='ltr'>κακῶς</span> <span class='ocrx_word' id='word_1_19' title='bbox 833 624 940 671; x_wconf 90' lang='grc' dir='ltr'>ε’ρεῑν</span> 
     </span>
     <span class='ocr_line' id='line_1_6' title="bbox 408 691 1705 748; baseline -0.005 -13"><span class='ocrx_word' id='word_1_20' title='bbox 408 697 450 735; x_wconf 87' lang='grc' dir='ltr'>ε“ν</span> <span class='ocrx_word' id='word_1_21' title='bbox 484 695 580 748; x_wconf 80' lang='grc' dir='ltr'>ἱερῷ</span> <span class='ocrx_word' id='word_1_22' title='bbox 614 693 788 742; x_wconf 84' lang='grc' dir='ltr'>γυναῖκα</span> <span class='ocrx_word' id='word_1_23' title='bbox 822 691 858 742; x_wconf 78' lang='grc' dir='ltr'>μ’</span> <span class='ocrx_word' id='word_1_24' title='bbox 892 697 1028 732; x_wconf 84' lang='grc' dir='ltr'>ουσαν</span> <span class='ocrx_word' id='word_1_25' title='bbox 1062 692 1231 741; x_wconf 78' lang='grc' dir='ltr'>ἄνδρας,</span> <span class='ocrx_word' id='word_1_26' title='bbox 1265 694 1339 730; x_wconf 82' lang='grc' dir='ltr'>ουκ</span> <span class='ocrx_word' id='word_1_27' title='bbox 1373 693 1512 739; x_wconf 77' lang='grc' dir='ltr'>ορθως</span> <span class='ocrx_word' id='word_1_28' title='bbox 1545 692 1705 740; x_wconf 89' lang='grc' dir='ltr'>φρονεῖ.</span> 
     </span>
     <span class='ocr_line' id='line_1_7' title="bbox 350 766 587 815; baseline -0.004 -9"><span class='ocrx_word' id='word_1_29' title='bbox 350 766 454 806; x_wconf 81' lang='grc' dir='ltr'>ἀλλὰ</span> <span class='ocrx_word' id='word_1_30' title='bbox 485 768 587 815; x_wconf 84' lang='grc' dir='ltr'>χρῆν</span> 
     </span>
     <span class='ocr_line' id='line_1_8' title="bbox 407 831 1060 885; baseline -0.008 -9"><span class='ocrx_word' id='word_1_31' title='bbox 407 838 466 885; x_wconf 85' lang='grc' dir='ltr'>ως</span> <span class='ocrx_word' id='word_1_32' title='bbox 498 834 558 876; x_wconf 77' lang='grc' dir='ltr'>ἐπ’</span> <span class='ocrx_word' id='word_1_33' title='bbox 592 835 715 884; x_wconf 81' lang='grc' dir='ltr'>ἔργον</span> <span class='ocrx_word' id='word_1_34' title='bbox 749 834 838 874; x_wconf 84' lang='grc' dir='ltr'>αὐτὶ</span> <span class='ocrx_word' id='word_1_35' title='bbox 875 831 1060 877; x_wconf 72' lang='grc' dir='ltr'>καινδνί</span> 
     </span>
     <span class='ocr_line' id='line_1_9' title="bbox 406 901 1533 956; baseline -0.005 -10"><span class='ocrx_word' id='word_1_36' title='bbox 406 908 574 956; x_wconf 80' lang='grc' dir='ltr'>πρῶτον</span> <span class='ocrx_word' id='word_1_37' title='bbox 607 905 806 945; x_wconf 83' lang='grc' dir='ltr'>εὐκύκλου</span> <span class='ocrx_word' id='word_1_38' title='bbox 839 904 1005 954; x_wconf 82' lang='grc' dir='ltr'>χορείας</span> <span class='ocrx_word' id='word_1_39' title='bbox 1038 905 1175 953; x_wconf 75' lang='grc' dir='ltr'>εὐφυᾶ</span> <span class='ocrx_word' id='word_1_40' title='bbox 1208 906 1363 951; x_wconf 76' lang='grc' dir='ltr'>στῆσαι</span> <span class='ocrx_word' id='word_1_41' title='bbox 1400 901 1533 951; x_wconf 77' lang='grc' dir='ltr'>βάσιν.</span> 
     </span>
     <span class='ocr_line' id='line_1_10' title="bbox 208 983 1753 1040; baseline -0.005 -11"><span class='ocrx_word' id='word_1_42' title='bbox 208 994 248 1029; x_wconf 80' lang='lat' dir='ltr'>et</span> <span class='ocrx_word' id='word_1_43' title='bbox 280 988 317 1029; x_wconf 87' lang='lat' dir='ltr'>R</span> <span class='ocrx_word' id='word_1_44' title='bbox 339 989 424 1028; x_wconf 70' lang='lat'>534</span> <span class='ocrx_word' id='word_1_45' title='bbox 450 1009 500 1023; x_wconf 74' lang='lat' dir='ltr'><strong><em>z</em></strong></span> <span class='ocrx_word' id='word_1_46' title='bbox 526 988 594 1040; x_wconf 73' lang='lat'>90,</span> <span class='ocrx_word' id='word_1_47' title='bbox 630 986 698 1027; x_wconf 85' lang='lat' dir='ltr'>ubi</span> <span class='ocrx_word' id='word_1_48' title='bbox 741 986 987 1026; x_wconf 67' lang='lat'><strong>15·(5·6-4·</strong></span> <span class='ocrx_word' id='word_1_49' title='bbox 1042 984 1227 1025; x_wconf 71' lang='lat' dir='ltr'>trochaei</span> <span class='ocrx_word' id='word_1_50' title='bbox 1262 983 1325 1023; x_wconf 68' lang='lat' dir='ltr'>his</span> <span class='ocrx_word' id='word_1_51' title='bbox 1359 989 1605 1037; x_wconf 76' lang='lat' dir='ltr'>repetuntur</span> <span class='ocrx_word' id='word_1_52' title='bbox 1641 989 1679 1023; x_wconf 79' lang='lat' dir='ltr'>ct</span> <span class='ocrx_word' id='word_1_53' title='bbox 1715 983 1753 1022; x_wconf 86' lang='lat' dir='ltr'>in</span> 
     </span>
     <span class='ocr_line' id='line_1_11' title="bbox 208 1058 642 1100; baseline 0.002 -2"><span class='ocrx_word' id='word_1_54' title='bbox 208 1059 290 1100; x_wconf 84' lang='lat' dir='ltr'>oda</span> <span class='ocrx_word' id='word_1_55' title='bbox 325 1065 364 1100; x_wconf 84' lang='lat' dir='ltr'>ct</span> <span class='ocrx_word' id='word_1_56' title='bbox 396 1059 437 1099; x_wconf 89' lang='lat' dir='ltr'>in</span> <span class='ocrx_word' id='word_1_57' title='bbox 471 1058 642 1100; x_wconf 67' lang='lat' dir='ltr'>amuda.</span> 
     </span>
    </p>

    <p class='ocr_par' dir='ltr' id='par_1_2' title="bbox 202 1126 1753 1889">
     <span class='ocr_line' id='line_1_12' title="bbox 348 1126 1752 1179; baseline -0.004 -10"><span class='ocrx_word' id='word_1_58' title='bbox 348 1128 595 1169; x_wconf 79' lang='lat' dir='ltr'>Trochaeus</span> <span class='ocrx_word' id='word_1_59' title='bbox 620 1127 894 1169; x_wconf 74' lang='lat' dir='ltr'>catalecticus</span> <span class='ocrx_word' id='word_1_60' title='bbox 918 1126 1080 1179; x_wconf 68' lang='lat' dir='ltr'>integer</span> <span class='ocrx_word' id='word_1_61' title='bbox 1102 1139 1268 1179; x_wconf 75' lang='lat' dir='ltr'>semper</span> <span class='ocrx_word' id='word_1_62' title='bbox 1296 1131 1489 1167; x_wconf 69' lang='lat' dir='ltr'>scr-vatus</span> <span class='ocrx_word' id='word_1_63' title='bbox 1513 1131 1575 1165; x_wconf 66' lang='lat' dir='ltr'>ost</span> <span class='ocrx_word' id='word_1_64' title='bbox 1610 1152 1637 1154; x_wconf 97' lang='lat'>--</span> <span class='ocrx_word' id='word_1_65' title='bbox 1661 1142 1683 1156; x_wconf 65' lang='grc' dir='ltr'>υ</span> <span class='ocrx_word' id='word_1_66' title='bbox 1716 1134 1752 1165; x_wconf 49' lang='lat'>³³.</span> 
     </span>
     <span class='ocr_line' id='line_1_13' title="bbox 206 1195 1751 1253; baseline -0.005 -13"><span class='ocrx_word' id='word_1_67' title='bbox 206 1212 335 1253; x_wconf 84' lang='lat' dir='ltr'>saepe</span> <span class='ocrx_word' id='word_1_68' title='bbox 383 1199 573 1240; x_wconf 83' lang='lat' dir='ltr'>hinorum</span> <span class='ocrx_word' id='word_1_69' title='bbox 622 1197 939 1250; x_wconf 67' lang='lat' dir='ltr'>trocl1ae0rum7</span> <span class='ocrx_word' id='word_1_70' title='bbox 997 1196 1065 1249; x_wconf 87' lang='lat' dir='ltr'>qui</span> <span class='ocrx_word' id='word_1_71' title='bbox 1118 1196 1237 1237; x_wconf 77' lang='lat' dir='ltr'>iuxta</span> <span class='ocrx_word' id='word_1_72' title='bbox 1293 1196 1416 1251; x_wconf 83' lang='lat' dir='ltr'>positi</span> <span class='ocrx_word' id='word_1_73' title='bbox 1475 1202 1588 1247; x_wconf 73' lang='lat' dir='ltr'>sunt,</span> <span class='ocrx_word' id='word_1_74' title='bbox 1646 1195 1751 1235; x_wconf 74' lang='lat' dir='ltr'>thesi</span> 
     </span>
     <span class='ocr_line' id='line_1_14' title="bbox 205 1266 1752 1323; baseline -0.004 -12"><span class='ocrx_word' id='word_1_75' title='bbox 205 1269 340 1311; x_wconf 83' lang='lat' dir='ltr'>altera</span> <span class='ocrx_word' id='word_1_76' title='bbox 373 1282 540 1322; x_wconf 84' lang='lat' dir='ltr'>quaque</span> <span class='ocrx_word' id='word_1_77' title='bbox 583 1282 813 1323; x_wconf 83' lang='lat' dir='ltr'>suppressa</span> <span class='ocrx_word' id='word_1_78' title='bbox 854 1267 1030 1308; x_wconf 83' lang='lat' dir='ltr'>duorum</span> <span class='ocrx_word' id='word_1_79' title='bbox 1078 1267 1326 1308; x_wconf 75' lang='lat' dir='ltr'>ereticorum</span> <span class='ocrx_word' id='word_1_80' title='bbox 1371 1266 1534 1321; x_wconf 79' lang='lat' dir='ltr'>species</span> <span class='ocrx_word' id='word_1_81' title='bbox 1575 1272 1614 1306; x_wconf 80' lang='lat' dir='ltr'>ct</span> <span class='ocrx_word' id='word_1_82' title='bbox 1660 1279 1752 1319; x_wconf 88' lang='lat' dir='ltr'>pro-</span> 
     </span>
     <span class='ocr_line' id='line_1_15' title="bbox 204 1335 1753 1394; baseline -0.003 -13"><span class='ocrx_word' id='word_1_83' title='bbox 204 1340 341 1394; x_wconf 89' lang='lat' dir='ltr'>prium</span> <span class='ocrx_word' id='word_1_84' title='bbox 375 1340 494 1382; x_wconf 88' lang='lat' dir='ltr'>ethos</span> <span class='ocrx_word' id='word_1_85' title='bbox 529 1366 580 1371; x_wconf 97' lang='lat'><strong>—</strong></span> <span class='ocrx_word' id='word_1_86' title='bbox 614 1339 817 1381; x_wconf 77' lang='lat' dir='ltr'>velocitas</span> <span class='ocrx_word' id='word_1_87' title='bbox 859 1339 967 1380; x_wconf 86' lang='lat' dir='ltr'>enim</span> <span class='ocrx_word' id='word_1_88' title='bbox 1011 1338 1130 1390; x_wconf 78' lang='lat' dir='ltr'>quasi</span> <span class='ocrx_word' id='word_1_89' title='bbox 1172 1338 1332 1379; x_wconf 77' lang='lat' dir='ltr'>tardari</span> <span class='ocrx_word' id='word_1_90' title='bbox 1376 1337 1543 1378; x_wconf 80' lang='lat' dir='ltr'>videtur</span> <span class='ocrx_word' id='word_1_91' title='bbox 1583 1362 1634 1367; x_wconf 95' lang='lat'>—</span> <span class='ocrx_word' id='word_1_92' title='bbox 1669 1335 1753 1376; x_wconf 85' lang='lat' dir='ltr'>effi-</span> 
     </span>
     <span class='ocr_line' id='line_1_16' title="bbox 205 1407 1752 1464; baseline -0.004 -13"><span class='ocrx_word' id='word_1_93' title='bbox 205 1410 325 1464; x_wconf 80' lang='lat' dir='ltr'>citur⁷</span> <span class='ocrx_word' id='word_1_94' title='bbox 360 1411 475 1452; x_wconf 87' lang='lat' dir='ltr'>velut</span> <span class='ocrx_word' id='word_1_95' title='bbox 508 1411 556 1453; x_wconf 90' lang='lat' dir='ltr'>V.</span> <span class='ocrx_word' id='word_1_96' title='bbox 591 1425 630 1451; x_wconf 88' lang='lat' dir='ltr'>v.</span> <span class='ocrx_word' id='word_1_97' title='bbox 668 1410 779 1450; x_wconf 82' lang='grc'><strong>1060</strong></span> <span class='ocrx_word' id='word_1_98' title='bbox 811 1422 872 1461; x_wconf 85' lang='lat' dir='ltr'>sq.</span> <span class='ocrx_word' id='word_1_99' title='bbox 924 1410 957 1449; x_wconf 78' lang='grc' dir='ltr'>ὧ</span> <span class='ocrx_word' id='word_1_100' title='bbox 989 1409 1114 1449; x_wconf 87' lang='grc' dir='ltr'>πάλαι</span> <span class='ocrx_word' id='word_1_101' title='bbox 1147 1407 1236 1449; x_wconf 79' lang='grc' dir='ltr'>ποτ’</span> <span class='ocrx_word' id='word_1_102' title='bbox 1279 1408 1396 1458; x_wconf 83' lang='grc' dir='ltr'>ὄντες</span> <span class='ocrx_word' id='word_1_103' title='bbox 1439 1410 1554 1457; x_wconf 81' lang='grc' dir='ltr'>ἡμεῖς</span> <span class='ocrx_word' id='word_1_104' title='bbox 1593 1407 1752 1455; x_wconf 79' lang='grc' dir='ltr'>ἄλκιμοι</span> 
     </span>
     <span class='ocr_line' id='line_1_17' title="bbox 205 1477 1751 1532; baseline -0.005 -9"><span class='ocrx_word' id='word_1_105' title='bbox 205 1484 278 1531; x_wconf 83' lang='grc' dir='ltr'>μὲν</span> <span class='ocrx_word' id='word_1_106' title='bbox 311 1483 355 1523; x_wconf 79' lang='grc' dir='ltr'>ἐν</span> <span class='ocrx_word' id='word_1_107' title='bbox 393 1484 535 1532; x_wconf 85' lang='grc' dir='ltr'>χοροῖς</span> <span class='ocrx_word' id='word_1_108' title='bbox 568 1481 730 1531; x_wconf 82' lang='grc' dir='ltr'>ἄλκιμοι</span> <span class='ocrx_word' id='word_1_109' title='bbox 764 1480 799 1521; x_wconf 70' lang='grc' dir='ltr'>δ’</span> <span class='ocrx_word' id='word_1_110' title='bbox 841 1481 884 1520; x_wconf 80' lang='grc' dir='ltr'>ἐν</span> <span class='ocrx_word' id='word_1_111' title='bbox 918 1478 1065 1529; x_wconf 83' lang='grc' dir='ltr'>μάχαις</span> <span class='ocrx_word' id='word_1_112' title='bbox 1108 1501 1160 1514; x_wconf 84' lang='lat'>=</span> <span class='ocrx_word' id='word_1_113' title='bbox 1198 1480 1301 1519; x_wconf 68' lang='grc'><strong>1091</strong></span> <span class='ocrx_word' id='word_1_114' title='bbox 1341 1493 1417 1532; x_wconf 58' lang='lat' dir='ltr'>sq„</span> <span class='ocrx_word' id='word_1_115' title='bbox 1452 1477 1563 1530; x_wconf 75' lang='lat' dir='ltr'>quod</span> <span class='ocrx_word' id='word_1_116' title='bbox 1599 1477 1637 1517; x_wconf 87' lang='lat' dir='ltr'>in</span> <span class='ocrx_word' id='word_1_117' title='bbox 1673 1477 1751 1517; x_wconf 78' lang='lat' dir='ltr'>fine</span> 
     </span>
     <span class='ocr_line' id='line_1_18' title="bbox 205 1548 1750 1607; baseline -0.005 -14"><span class='ocrx_word' id='word_1_118' title='bbox 205 1552 367 1607; x_wconf 85' lang='lat' dir='ltr'>periodi</span> <span class='ocrx_word' id='word_1_119' title='bbox 409 1552 497 1593; x_wconf 89' lang='lat' dir='ltr'>fieri</span> <span class='ocrx_word' id='word_1_120' title='bbox 538 1551 657 1593; x_wconf 88' lang='lat' dir='ltr'>solet.</span> <span class='ocrx_word' id='word_1_121' title='bbox 700 1577 756 1580; x_wconf 92' lang='lat'>——</span> <span class='ocrx_word' id='word_1_122' title='bbox 798 1550 830 1590; x_wconf 89' lang='lat' dir='ltr'>P</span> <span class='ocrx_word' id='word_1_123' title='bbox 876 1550 984 1590; x_wconf 75' lang='lat'>1127</span> <span class='ocrx_word' id='word_1_124' title='bbox 1030 1571 1082 1584; x_wconf 68' lang='grc' dir='ltr'>Ξ</span> <span class='ocrx_word' id='word_1_125' title='bbox 1120 1550 1243 1602; x_wconf 68' lang='grc'><strong>1150,</strong></span> <span class='ocrx_word' id='word_1_126' title='bbox 1288 1562 1379 1589; x_wconf 82' lang='lat' dir='ltr'>curn</span> <span class='ocrx_word' id='word_1_127' title='bbox 1415 1548 1635 1602; x_wconf 80' lang='lat' dir='ltr'>imparium</span> <span class='ocrx_word' id='word_1_128' title='bbox 1670 1559 1750 1587; x_wconf 81' lang='lat' dir='ltr'>nie-</span> 
     </span>
     <span class='ocr_line' id='line_1_19' title="bbox 204 1616 1750 1675; baseline -0.005 -10"><span class='ocrx_word' id='word_1_129' title='bbox 204 1629 362 1665; x_wconf 81' lang='lat' dir='ltr'>trorum</span> <span class='ocrx_word' id='word_1_130' title='bbox 396 1624 531 1665; x_wconf 83' lang='lat' dir='ltr'>altera</span> <span class='ocrx_word' id='word_1_131' title='bbox 563 1635 757 1675; x_wconf 85' lang='lat' dir='ltr'>quaeque</span> <span class='ocrx_word' id='word_1_132' title='bbox 790 1620 921 1662; x_wconf 82' lang='lat' dir='ltr'>thesis</span> <span class='ocrx_word' id='word_1_133' title='bbox 953 1633 1184 1675; x_wconf 79' lang='lat' dir='ltr'>suppressa</span> <span class='ocrx_word' id='word_1_134' title='bbox 1216 1620 1290 1674; x_wconf 77' lang='lat' dir='ltr'>sit,</span> <span class='ocrx_word' id='word_1_135' title='bbox 1331 1619 1503 1661; x_wconf 81' lang='lat' dir='ltr'>schema</span> <span class='ocrx_word' id='word_1_136' title='bbox 1535 1616 1750 1670; x_wconf 78' lang='lat' dir='ltr'>quoddam</span> 
     </span>
     <span class='ocr_line' id='line_1_20' title="bbox 203 1687 1749 1748; baseline -0.005 -13"><span class='ocrx_word' id='word_1_137' title='bbox 203 1694 376 1736; x_wconf 83' lang='lat' dir='ltr'>auribus</span> <span class='ocrx_word' id='word_1_138' title='bbox 408 1693 593 1748; x_wconf 80' lang='lat' dir='ltr'>perbene</span> <span class='ocrx_word' id='word_1_139' title='bbox 626 1691 958 1747; x_wconf 81' lang='lat' dir='ltr'>percipiendum,</span> <span class='ocrx_word' id='word_1_140' title='bbox 993 1690 1104 1743; x_wconf 86' lang='lat' dir='ltr'>quod</span> <span class='ocrx_word' id='word_1_141' title='bbox 1138 1696 1333 1732; x_wconf 74' lang='lat' dir='ltr'>constare</span> <span class='ocrx_word' id='word_1_142' title='bbox 1357 1689 1522 1730; x_wconf 72' lang='lat' dir='ltr'>ridetur</span> <span class='ocrx_word' id='word_1_143' title='bbox 1556 1702 1605 1729; x_wconf 82' lang='lat' dir='ltr'>ox</span> <span class='ocrx_word' id='word_1_144' title='bbox 1637 1690 1662 1729; x_wconf 73' lang='lat'>513</span> <span class='ocrx_word' id='word_1_145' title='bbox 1691 1687 1749 1728; x_wconf 82' lang='lat' dir='ltr'>‹li-</span> 
     </span>
     <span class='ocr_line' id='line_1_21' title="bbox 203 1759 1747 1815; baseline -0.005 -10"><span class='ocrx_word' id='word_1_146' title='bbox 203 1764 348 1806; x_wconf 88' lang='lat' dir='ltr'>metris</span> <span class='ocrx_word' id='word_1_147' title='bbox 395 1763 623 1805; x_wconf 75' lang='lat' dir='ltr'>trochaicis</span> <span class='ocrx_word' id='word_1_148' title='bbox 670 1761 949 1815; x_wconf 83' lang='lat' dir='ltr'>catalecticis‚</span> <span class='ocrx_word' id='word_1_149' title='bbox 999 1761 1191 1815; x_wconf 79' lang='lat' dir='ltr'>efficitur,</span> <span class='ocrx_word' id='word_1_150' title='bbox 1239 1761 1279 1801; x_wconf 89' lang='lat' dir='ltr'>in</span> <span class='ocrx_word' id='word_1_151' title='bbox 1327 1760 1444 1801; x_wconf 83' lang='lat' dir='ltr'>initio</span> <span class='ocrx_word' id='word_1_152' title='bbox 1493 1765 1533 1800; x_wconf 88' lang='lat' dir='ltr'>et</span> <span class='ocrx_word' id='word_1_153' title='bbox 1581 1759 1621 1799; x_wconf 90' lang='lat' dir='ltr'>in</span> <span class='ocrx_word' id='word_1_154' title='bbox 1668 1759 1747 1799; x_wconf 86' lang='lat' dir='ltr'>fine</span> 
     </span>
     <span class='ocr_line' id='line_1_22' title="bbox 202 1833 755 1889; baseline -0.005 -12"><span class='ocrx_word' id='word_1_155' title='bbox 202 1833 523 1889; x_wconf 82' lang='lat' dir='ltr'>pseudoeretico</span> <span class='ocrx_word' id='word_1_156' title='bbox 556 1833 755 1875; x_wconf 84' lang='lat' dir='ltr'>adiuncto</span> 
     </span>
    </p>

    <p class='ocr_par' dir='ltr' id='par_1_3' title="bbox 201 1901 1747 2616">
     <span class='ocr_line' id='line_1_23' title="bbox 414 1901 1196 1955; baseline -0.005 -9"><span class='ocrx_word' id='word_1_157' title='bbox 414 1904 569 1955; x_wconf 85' lang='grc' dir='ltr'>ἥδομαί</span> <span class='ocrx_word' id='word_1_158' title='bbox 601 1903 637 1953; x_wconf 90' lang='grc' dir='ltr'>γ’</span> <span class='ocrx_word' id='word_1_159' title='bbox 669 1905 823 1954; x_wconf 88' lang='grc' dir='ltr'>ἥδομαι</span> <span class='ocrx_word' id='word_1_160' title='bbox 858 1904 1038 1953; x_wconf 89' lang='grc' dir='ltr'>κράνους</span> <span class='ocrx_word' id='word_1_161' title='bbox 1070 1901 1196 1952; x_wconf 85' lang='grc' dir='ltr'>ἀπηλ-</span> 
     </span>
     <span class='ocr_line' id='line_1_24' title="bbox 669 1974 1203 2023; baseline -0.004 -9"><span class='ocrx_word' id='word_1_162' title='bbox 669 1974 874 2023; x_wconf 79' lang='grc' dir='ltr'>λαγμένος</span> <span class='ocrx_word' id='word_1_163' title='bbox 905 1975 1032 2023; x_wconf 82' lang='grc' dir='ltr'>τυροῦ</span> <span class='ocrx_word' id='word_1_164' title='bbox 1064 1986 1106 2013; x_wconf 88' lang='grc' dir='ltr'>τε</span> <span class='ocrx_word' id='word_1_165' title='bbox 1138 1974 1203 2012; x_wconf 88' lang='grc' dir='ltr'>καὶ</span> 
     </span>
     <span class='ocr_line' id='line_1_25' title="bbox 670 2042 1493 2095; baseline -0.005 -10"><span class='ocrx_word' id='word_1_166' title='bbox 670 2044 907 2095; x_wconf 85' lang='grc' dir='ltr'>κρομμύων.</span> <span class='ocrx_word' id='word_1_167' title='bbox 942 2047 991 2084; x_wconf 79' lang='grc' dir='ltr'>οὐ</span> <span class='ocrx_word' id='word_1_168' title='bbox 1023 2043 1102 2093; x_wconf 84' lang='grc' dir='ltr'>γὰρ</span> <span class='ocrx_word' id='word_1_169' title='bbox 1135 2045 1300 2094; x_wconf 80' lang='grc' dir='ltr'>φιληδῶ</span> <span class='ocrx_word' id='word_1_170' title='bbox 1335 2042 1493 2091; x_wconf 80' lang='grc' dir='ltr'>μάχαις.</span> 
     </span>
     <span class='ocr_line' id='line_1_26' title="bbox 201 2124 1425 2183; baseline -0.004 -13"><span class='ocrx_word' id='word_1_171' title='bbox 201 2127 417 2183; x_wconf 85' lang='lat' dir='ltr'>propriam</span> <span class='ocrx_word' id='word_1_172' title='bbox 449 2125 640 2169; x_wconf 77' lang='lat' dir='ltr'>trochaei</span> <span class='ocrx_word' id='word_1_173' title='bbox 672 2126 849 2168; x_wconf 84' lang='lat' dir='ltr'>formam</span> <span class='ocrx_word' id='word_1_174' title='bbox 882 2125 1059 2179; x_wconf 82' lang='lat' dir='ltr'>praebet</span> <span class='ocrx_word' id='word_1_175' title='bbox 1091 2124 1139 2166; x_wconf 92' lang='lat' dir='ltr'>L.</span> <span class='ocrx_word' id='word_1_176' title='bbox 1173 2138 1211 2166; x_wconf 91' lang='lat' dir='ltr'>v.</span> <span class='ocrx_word' id='word_1_177' title='bbox 1246 2124 1330 2165; x_wconf 83' lang='grc'>658</span> <span class='ocrx_word' id='word_1_178' title='bbox 1364 2137 1425 2176; x_wconf 84' lang='lat' dir='ltr'>sq.</span> 
     </span>
     <span class='ocr_line' id='line_1_27' title="bbox 484 2206 1395 2259; baseline -0.003 -9"><span class='ocrx_word' id='word_1_179' title='bbox 484 2207 594 2250; x_wconf 73' lang='grc' dir='ltr'>ταῦτ’</span> <span class='ocrx_word' id='word_1_180' title='bbox 627 2208 703 2250; x_wconf 81' lang='grc' dir='ltr'>οὖν</span> <span class='ocrx_word' id='word_1_181' title='bbox 735 2212 811 2259; x_wconf 80' lang='grc' dir='ltr'>οὐχ</span> <span class='ocrx_word' id='word_1_182' title='bbox 841 2207 958 2258; x_wconf 71' lang='grc' dir='ltr'>ὕβρις</span> <span class='ocrx_word' id='word_1_183' title='bbox 989 2208 1039 2248; x_wconf 84' lang='grc' dir='ltr'>τὰ</span> <span class='ocrx_word' id='word_1_184' title='bbox 1071 2206 1274 2257; x_wconf 79' lang='grc' dir='ltr'>πράγματ’</span> <span class='ocrx_word' id='word_1_185' title='bbox 1308 2207 1395 2247; x_wconf 79' lang='grc' dir='ltr'>ἐστὶ</span> 
     </span>
     <span class='ocr_line' id='line_1_28' title="bbox 484 2278 1721 2330; baseline -0.003 -10"><span class='ocrx_word' id='word_1_186' title='bbox 484 2280 635 2330; x_wconf 88' lang='grc' dir='ltr'>πολλή;</span> <span class='ocrx_word' id='word_1_187' title='bbox 669 2279 925 2320; x_wconf 83' lang='grc' dir='ltr'>κάπιδώσειν</span> <span class='ocrx_word' id='word_1_188' title='bbox 958 2291 1025 2328; x_wconf 89' lang='grc' dir='ltr'>μοι</span> <span class='ocrx_word' id='word_1_189' title='bbox 1060 2280 1172 2318; x_wconf 85' lang='grc' dir='ltr'>δοκεῖ</span> <span class='ocrx_word' id='word_1_190' title='bbox 1204 2278 1250 2318; x_wconf 84' lang='grc' dir='ltr'>τὸ</span> <span class='ocrx_word' id='word_1_191' title='bbox 1283 2281 1418 2328; x_wconf 87' lang='grc' dir='ltr'>χρῆμα</span> <span class='ocrx_word' id='word_1_192' title='bbox 1452 2279 1607 2326; x_wconf 85' lang='grc' dir='ltr'>μᾶλλον</span> <span class='ocrx_word' id='word_1_193' title='bbox 1640 2278 1721 2316; x_wconf 88' lang='grc' dir='ltr'>κτλ.</span> 
     </span>
     <span class='ocr_line' id='line_1_29' title="bbox 206 2349 1175 2403; baseline -0.005 -10"><span class='ocrx_word' id='word_1_194' title='bbox 206 2371 252 2388; x_wconf 86' lang='lat'><strong><em>=</em></strong></span> <span class='ocrx_word' id='word_1_195' title='bbox 275 2352 359 2393; x_wconf 78' lang='lat'>682</span> <span class='ocrx_word' id='word_1_196' title='bbox 378 2363 441 2403; x_wconf 86' lang='lat' dir='ltr'>sq.</span> <span class='ocrx_word' id='word_1_197' title='bbox 475 2351 509 2391; x_wconf 84' lang='grc' dir='ltr'>εἰ</span> <span class='ocrx_word' id='word_1_198' title='bbox 540 2352 589 2401; x_wconf 87' lang='grc' dir='ltr'>νὴ</span> <span class='ocrx_word' id='word_1_199' title='bbox 622 2351 680 2391; x_wconf 86' lang='grc' dir='ltr'>τὼ</span> <span class='ocrx_word' id='word_1_200' title='bbox 715 2350 798 2391; x_wconf 82' lang='grc' dir='ltr'>Θεω</span> <span class='ocrx_word' id='word_1_201' title='bbox 832 2363 880 2400; x_wconf 87' lang='grc' dir='ltr'>με</span> <span class='ocrx_word' id='word_1_202' title='bbox 913 2349 1175 2399; x_wconf 84' lang='grc' dir='ltr'>ζωπυρήσεις</span> 
     </span>
     <span class='ocr_line' id='line_1_30' title="bbox 483 2419 1624 2471; baseline -0.005 -9"><span class='ocrx_word' id='word_1_203' title='bbox 483 2421 599 2462; x_wconf 86' lang='grc' dir='ltr'>λύσω</span> <span class='ocrx_word' id='word_1_204' title='bbox 632 2422 706 2471; x_wconf 83' lang='grc' dir='ltr'>τὴν</span> <span class='ocrx_word' id='word_1_205' title='bbox 740 2421 919 2470; x_wconf 78' lang='grc' dir='ltr'>ἐμαυτῆς</span> <span class='ocrx_word' id='word_1_206' title='bbox 951 2419 1000 2460; x_wconf 85' lang='grc' dir='ltr'>ὗν</span> <span class='ocrx_word' id='word_1_207' title='bbox 1034 2420 1114 2467; x_wconf 79' lang='grc' dir='ltr'>ἐγὼ</span> <span class='ocrx_word' id='word_1_208' title='bbox 1149 2420 1198 2468; x_wconf 79' lang='grc' dir='ltr'>δὴ</span> <span class='ocrx_word' id='word_1_209' title='bbox 1234 2419 1298 2458; x_wconf 86' lang='grc' dir='ltr'>καὶ</span> <span class='ocrx_word' id='word_1_210' title='bbox 1331 2419 1496 2468; x_wconf 83' lang='grc' dir='ltr'>ποιήσω</span> <span class='ocrx_word' id='word_1_211' title='bbox 1530 2419 1624 2464; x_wconf 88' lang='grc' dir='ltr'>κτλ.,</span> 
     </span>
     <span class='ocr_line' id='line_1_31' title="bbox 203 2488 1747 2546; baseline -0.003 -14"><span class='ocrx_word' id='word_1_212' title='bbox 203 2491 272 2533; x_wconf 91' lang='lat' dir='ltr'>ubi</span> <span class='ocrx_word' id='word_1_213' title='bbox 320 2491 444 2546; x_wconf 90' lang='lat' dir='ltr'>primi</span> <span class='ocrx_word' id='word_1_214' title='bbox 486 2489 689 2544; x_wconf 87' lang='lat' dir='ltr'>cuiusque</span> <span class='ocrx_word' id='word_1_215' title='bbox 730 2489 920 2532; x_wconf 85' lang='lat' dir='ltr'>trochaei</span> <span class='ocrx_word' id='word_1_216' title='bbox 962 2489 1113 2530; x_wconf 84' lang='lat' dir='ltr'>ambae</span> <span class='ocrx_word' id='word_1_217' title='bbox 1161 2488 1302 2530; x_wconf 86' lang='lat' dir='ltr'>theses</span> <span class='ocrx_word' id='word_1_218' title='bbox 1353 2499 1605 2542; x_wconf 80' lang='lat' dir='ltr'>suppressae</span> <span class='ocrx_word' id='word_1_219' title='bbox 1653 2492 1747 2527; x_wconf 86' lang='lat' dir='ltr'>sunt</span> 
     </span>
     <span class='ocr_line' id='line_1_32' title="bbox 204 2557 1745 2616; baseline -0.004 -13"><span class='ocrx_word' id='word_1_220' title='bbox 204 2589 303 2616; x_wconf 77' lang='lat'>——‚</span> <span class='ocrx_word' id='word_1_221' title='bbox 337 2574 422 2614; x_wconf 85' lang='lat' dir='ltr'>qua</span> <span class='ocrx_word' id='word_1_222' title='bbox 454 2561 507 2603; x_wconf 87' lang='lat' dir='ltr'>de</span> <span class='ocrx_word' id='word_1_223' title='bbox 548 2574 592 2602; x_wconf 92' lang='lat' dir='ltr'>re</span> <span class='ocrx_word' id='word_1_224' title='bbox 636 2561 723 2615; x_wconf 83' lang='lat' dir='ltr'>egit</span> <span class='ocrx_word' id='word_1_225' title='bbox 763 2561 811 2604; x_wconf 87' lang='lat' dir='ltr'>F.</span> <span class='ocrx_word' id='word_1_226' title='bbox 851 2560 991 2615; x_wconf 85' lang='lat' dir='ltr'>Spiro,</span> <span class='ocrx_word' id='word_1_227' title='bbox 1024 2560 1206 2600; x_wconf 86' lang='lat' dir='ltr'>Hermae</span> <span class='ocrx_word' id='word_1_228' title='bbox 1244 2558 1325 2600; x_wconf 79' lang='lat' dir='ltr'>vol.</span> <span class='ocrx_word' id='word_1_229' title='bbox 1359 2558 1509 2598; x_wconf 84' lang='lat' dir='ltr'>XXIII</span> <span class='ocrx_word' id='word_1_230' title='bbox 1543 2571 1612 2611; x_wconf 80' lang='lat' dir='ltr'>pg.</span> <span class='ocrx_word' id='word_1_231' title='bbox 1648 2557 1745 2598; x_wconf 76' lang='grc'><strong>255.</strong></span> 
     </span>
    </p>

    <p class='ocr_par' dir='ltr' id='par_1_4' title="bbox 342 2652 1747 2703">
     <span class='ocr_line' id='line_1_33' title="bbox 342 2652 1747 2703; baseline -0.006 -10"><span class='ocrx_word' id='word_1_232' title='bbox 342 2658 371 2702; x_wconf 88' lang='grc'>1)</span> <span class='ocrx_word' id='word_1_233' title='bbox 399 2657 568 2703; x_wconf 82' lang='lat' dir='ltr'>Legitur</span> <span class='ocrx_word' id='word_1_234' title='bbox 595 2659 722 2699; x_wconf 83' lang='grc' dir='ltr'>ὥσπερ</span> <span class='ocrx_word' id='word_1_235' title='bbox 750 2657 870 2699; x_wconf 67' lang='grc' dir='ltr'>ἔργον,</span> <span class='ocrx_word' id='word_1_236' title='bbox 906 2655 1011 2700; x_wconf 87' lang='lat' dir='ltr'>quod</span> <span class='ocrx_word' id='word_1_237' title='bbox 1039 2665 1134 2688; x_wconf 85' lang='lat' dir='ltr'>corr.</span> <span class='ocrx_word' id='word_1_238' title='bbox 1162 2654 1366 2688; x_wconf 79' lang='lat' dir='ltr'>Velsenus.</span> <span class='ocrx_word' id='word_1_239' title='bbox 1385 2672 1430 2676; x_wconf 88' lang='lat'>—-</span> <span class='ocrx_word' id='word_1_240' title='bbox 1449 2652 1575 2685; x_wconf 85' lang='grc' dir='ltr'>καινὸν</span> <span class='ocrx_word' id='word_1_241' title='bbox 1602 2652 1747 2696; x_wconf 85' lang='lat' dir='ltr'>optime</span> 
     </span>
    </p>

    <p class='ocr_par' dir='ltr' id='par_1_5' title="bbox 203 2711 1746 2760">
     <span class='ocr_line' id='line_1_34' title="bbox 203 2711 1746 2760; baseline -0.006 -8"><span class='ocrx_word' id='word_1_242' title='bbox 203 2727 244 2752; x_wconf 87' lang='lat' dir='ltr'>se</span> <span class='ocrx_word' id='word_1_243' title='bbox 270 2717 411 2760; x_wconf 81' lang='lat' dir='ltr'>habet3</span> <span class='ocrx_word' id='word_1_244' title='bbox 436 2727 529 2751; x_wconf 85' lang='lat' dir='ltr'>nam</span> <span class='ocrx_word' id='word_1_245' title='bbox 556 2716 606 2750; x_wconf 83' lang='lat' dir='ltr'>ad</span> <span class='ocrx_word' id='word_1_246' title='bbox 632 2726 781 2750; x_wconf 90' lang='lat' dir='ltr'>novum</span> <span class='ocrx_word' id='word_1_247' title='bbox 809 2715 830 2749; x_wconf 90' lang='lat' dir='ltr'>i.</span> <span class='ocrx_word' id='word_1_248' title='bbox 859 2725 890 2749; x_wconf 85' lang='lat' dir='ltr'>e.</span> <span class='ocrx_word' id='word_1_249' title='bbox 918 2713 1027 2748; x_wconf 83' lang='lat' dir='ltr'>aliud</span> <span class='ocrx_word' id='word_1_250' title='bbox 1055 2713 1226 2747; x_wconf 73' lang='lat' dir='ltr'>salt-andi</span> <span class='ocrx_word' id='word_1_251' title='bbox 1263 2722 1392 2757; x_wconf 81' lang='lat' dir='ltr'>genus</span> <span class='ocrx_word' id='word_1_252' title='bbox 1425 2711 1609 2745; x_wconf 80' lang='lat' dir='ltr'>mulieres</span> <span class='ocrx_word' id='word_1_253' title='bbox 1644 2715 1746 2743; x_wconf 81' lang='lat' dir='ltr'>tran-</span> 
     </span>
    </p>
   </div>
   <div class='ocr_carea' id='block_1_2' title="bbox 202 2770 1745 2874">
    <p class='ocr_par' dir='ltr' id='par_1_6' title="bbox 202 2770 1745 2874">
     <span class='ocr_line' id='line_1_35' title="bbox 203 2770 1745 2817; baseline -0.005 -7"><span class='ocrx_word' id='word_1_254' title='bbox 203 2779 330 2811; x_wconf 80' lang='lat' dir='ltr'>seunt.</span> <span class='ocrx_word' id='word_1_255' title='bbox 382 2778 466 2810; x_wconf 87' lang='lat' dir='ltr'>tum</span> <span class='ocrx_word' id='word_1_256' title='bbox 492 2784 586 2809; x_wconf 87' lang='lat' dir='ltr'>vero</span> <span class='ocrx_word' id='word_1_257' title='bbox 613 2775 653 2808; x_wconf 90' lang='lat' dir='ltr'>in</span> <span class='ocrx_word' id='word_1_258' title='bbox 680 2775 754 2808; x_wconf 84' lang='lat' dir='ltr'>hae</span> <span class='ocrx_word' id='word_1_259' title='bbox 774 2774 891 2808; x_wconf 81' lang='lat' dir='ltr'>tertia</span> <span class='ocrx_word' id='word_1_260' title='bbox 911 2772 1069 2817; x_wconf 83' lang='lat' dir='ltr'>stropha</span> <span class='ocrx_word' id='word_1_261' title='bbox 1096 2771 1391 2816; x_wconf 79' lang='lat' dir='ltr'>responsionem</span> <span class='ocrx_word' id='word_1_262' title='bbox 1419 2780 1497 2803; x_wconf 88' lang='lat' dir='ltr'>non</span> <span class='ocrx_word' id='word_1_263' title='bbox 1529 2770 1604 2802; x_wconf 85' lang='lat' dir='ltr'>iam</span> <span class='ocrx_word' id='word_1_264' title='bbox 1633 2778 1745 2803; x_wconf 64' lang='lat' dir='ltr'>acen&lt;</span> 
     </span>
     <span class='ocr_line' id='line_1_36' title="bbox 202 2827 1744 2874; baseline -0.004 -5"><span class='ocrx_word' id='word_1_265' title='bbox 202 2838 288 2869; x_wconf 81' lang='lat' dir='ltr'>rate</span> <span class='ocrx_word' id='word_1_266' title='bbox 315 2837 514 2869; x_wconf 80' lang='lat' dir='ltr'>servatam</span> <span class='ocrx_word' id='word_1_267' title='bbox 541 2843 628 2868; x_wconf 84' lang='lat' dir='ltr'>esse</span> <span class='ocrx_word' id='word_1_268' title='bbox 655 2831 954 2867; x_wconf 83' lang='lat' dir='ltr'>concedendum</span> <span class='ocrx_word' id='word_1_269' title='bbox 983 2834 1052 2873; x_wconf 77' lang='lat' dir='ltr'>est,</span> <span class='ocrx_word' id='word_1_270' title='bbox 1089 2840 1208 2874; x_wconf 86' lang='lat' dir='ltr'>quam</span> <span class='ocrx_word' id='word_1_271' title='bbox 1236 2829 1434 2864; x_wconf 84' lang='lat' dir='ltr'>licentiam</span> <span class='ocrx_word' id='word_1_272' title='bbox 1461 2830 1602 2874; x_wconf 81' lang='lat' dir='ltr'>poetae</span> <span class='ocrx_word' id='word_1_273' title='bbox 1629 2827 1744 2863; x_wconf 77' lang='lat' dir='ltr'>facile</span> 
     </span>
    </p>
   </div>
   <div class='ocr_carea' id='block_1_3' title="bbox 203 2892 525 2928">
    <p class='ocr_par' dir='ltr' id='par_1_7' title="bbox 203 2892 525 2928">
     <span class='ocr_line' id='line_1_37' title="bbox 203 2892 525 2928; baseline -0.003 0"><span class='ocrx_word' id='word_1_274' title='bbox 203 2892 525 2928; x_wconf 67' lang='lat' dir='ltr'>condonabimus</span> 
     </span>
    </p>
   </div>
  </div>
 </body>
</html>
