<?xml version="1.0" encoding="UTF-8"?>
<!DOCTYPE html PUBLIC "-//W3C//DTD XHTML 1.0 Transitional//EN"
    "http://www.w3.org/TR/xhtml1/DTD/xhtml1-transitional.dtd">
<html xmlns="http://www.w3.org/1999/xhtml" xml:lang="en" lang="en">
 <head>
  <title>
</title>
<meta http-equiv="Content-Type" content="text/html;charset=utf-8" />
  <meta name='ocr-system' content='tesseract 3.04.00' />
  <meta name='ocr-capabilities' content='ocr_page ocr_carea ocr_par ocr_line ocrx_word'/>
</head>
<body>
  <div class='ocr_page' id='page_1' title='image "./dearistophanisca00steuuoft_0046.png"; bbox 0 0 2066 3366; ppageno 0'>
   <div class='ocr_carea' id='block_1_1' title="bbox 927 233 1208 275">
    <p class='ocr_par' dir='ltr' id='par_1_1' title="bbox 927 233 1208 275">
     <span class='ocr_line' id='line_1_1' title="bbox 927 233 1208 275; baseline -0.007 -8"><span class='ocrx_word' id='word_1_1' title='bbox 927 233 1208 275; x_wconf 49' lang='lat'>*38—</span> 
     </span>
    </p>
   </div>
   <div class='ocr_carea' id='block_1_2' title="bbox 299 359 1843 2642">
    <p class='ocr_par' dir='ltr' id='par_1_2' title="bbox 299 359 1843 2642">
     <span class='ocr_line' id='line_1_2' title="bbox 299 359 1840 414; baseline 0.005 -15"><span class='ocrx_word' id='word_1_2' title='bbox 299 359 400 400; x_wconf 81' lang='lat' dir='ltr'>deos</span> <span class='ocrx_word' id='word_1_3' title='bbox 433 359 627 413; x_wconf 87' lang='lat' dir='ltr'>advocat,</span> <span class='ocrx_word' id='word_1_4' title='bbox 670 361 917 414; x_wconf 85' lang='lat' dir='ltr'>praesertim</span> <span class='ocrx_word' id='word_1_5' title='bbox 951 374 1044 403; x_wconf 88' lang='lat' dir='ltr'>cum</span> <span class='ocrx_word' id='word_1_6' title='bbox 1077 361 1154 402; x_wconf 90' lang='lat' dir='ltr'>hoc</span> <span class='ocrx_word' id='word_1_7' title='bbox 1197 374 1366 403; x_wconf 85' lang='lat' dir='ltr'>carmen</span> <span class='ocrx_word' id='word_1_8' title='bbox 1407 363 1583 404; x_wconf 78' lang='lat' dir='ltr'>carmini</span> <span class='ocrx_word' id='word_1_9' title='bbox 1623 364 1840 406; x_wconf 84' lang='lat' dir='ltr'>Lacedae-</span> 
     </span>
     <span class='ocr_line' id='line_1_3' title="bbox 299 428 1372 485; baseline 0.003 -16"><span class='ocrx_word' id='word_1_10' title='bbox 299 428 530 469; x_wconf 85' lang='lat' dir='ltr'>moniorum</span> <span class='ocrx_word' id='word_1_11' title='bbox 564 429 814 482; x_wconf 78' lang='lat' dir='ltr'>gravissimo</span> <span class='ocrx_word' id='word_1_12' title='bbox 848 445 896 471; x_wconf 80' lang='lat' dir='ltr'>ac</span> <span class='ocrx_word' id='word_1_13' title='bbox 931 443 1078 472; x_wconf 82' lang='lat' dir='ltr'>severo</span> <span class='ocrx_word' id='word_1_14' title='bbox 1112 437 1372 485; x_wconf 86' lang='lat' dir='ltr'>opponatur:</span> 
     </span>
     <span class='ocr_line' id='line_1_4' title="bbox 647 507 1486 560; baseline 0.002 -14"><span class='ocrx_word' id='word_1_15' title='bbox 647 507 836 556; x_wconf 81' lang='grc' dir='ltr'>πρόσαγε</span> <span class='ocrx_word' id='word_1_16' title='bbox 868 508 1006 557; x_wconf 88' lang='grc' dir='ltr'>χορὸν,</span> <span class='ocrx_word' id='word_1_17' title='bbox 1041 507 1263 560; x_wconf 82' lang='grc' dir='ltr'>ἐπάγαγε’)</span> <span class='ocrx_word' id='word_1_18' title='bbox 1297 507 1486 558; x_wconf 77' lang='grc' dir='ltr'>Χάριτας.</span> 
     </span>
     <span class='ocr_line' id='line_1_5' title="bbox 647 577 1233 627; baseline 0.003 -11"><span class='ocrx_word' id='word_1_19' title='bbox 647 578 710 617; x_wconf 78' lang='grc' dir='ltr'>ἐπὶ</span> <span class='ocrx_word' id='word_1_20' title='bbox 744 579 788 617; x_wconf 81' lang='grc' dir='ltr'>δὲ</span> <span class='ocrx_word' id='word_1_21' title='bbox 822 577 1001 617; x_wconf 89' lang='grc' dir='ltr'>κάλεσον</span> <span class='ocrx_word' id='word_1_22' title='bbox 1027 577 1233 627; x_wconf 80' lang='grc' dir='ltr'>Ἄρτεμιν,</span> 
     </span>
     <span class='ocr_line' id='line_1_6' title="bbox 651 647 1124 697; baseline 0.002 -11"><span class='ocrx_word' id='word_1_23' title='bbox 651 647 714 686; x_wconf 84' lang='grc' dir='ltr'>ε’πὶ</span> <span class='ocrx_word' id='word_1_24' title='bbox 748 649 793 687; x_wconf 82' lang='grc' dir='ltr'>δὲ</span> <span class='ocrx_word' id='word_1_25' title='bbox 827 647 1000 696; x_wconf 76' lang='grc' dir='ltr'>δίδυμον</span> <span class='ocrx_word' id='word_1_26' title='bbox 1033 647 1124 697; x_wconf 78' lang='grc' dir='ltr'>ἥιον</span> 
     </span>
     <span class='ocr_line' id='line_1_7' title="bbox 649 716 1317 767; baseline 0.004 -11"><span class='ocrx_word' id='word_1_27' title='bbox 649 716 833 767; x_wconf 78' lang='grc' dir='ltr'>εὔφρον’,</span> <span class='ocrx_word' id='word_1_28' title='bbox 868 718 931 757; x_wconf 80' lang='grc' dir='ltr'>ἐπὶ</span> <span class='ocrx_word' id='word_1_29' title='bbox 966 720 1010 758; x_wconf 91' lang='grc' dir='ltr'>δε</span> <span class='ocrx_word' id='word_1_30' title='bbox 1045 717 1203 758; x_wconf 86' lang='grc' dir='ltr'>Νύσιον</span> <span class='ocrx_word' id='word_1_31' title='bbox 1236 721 1317 760; x_wconf 88' lang='grc' dir='ltr'>κτλ.</span> 
     </span>
     <span class='ocr_line' id='line_1_8' title="bbox 301 791 1838 850; baseline 0.005 -19"><span class='ocrx_word' id='word_1_32' title='bbox 301 791 560 843; x_wconf 82' lang='lat' dir='ltr'>aliquantum</span> <span class='ocrx_word' id='word_1_33' title='bbox 594 797 732 833; x_wconf 84' lang='lat' dir='ltr'>tamen</span> <span class='ocrx_word' id='word_1_34' title='bbox 766 793 863 834; x_wconf 87' lang='lat' dir='ltr'>inde</span> <span class='ocrx_word' id='word_1_35' title='bbox 895 808 920 833; x_wconf 81' lang='lat' dir='ltr'>a</span> <span class='ocrx_word' id='word_1_36' title='bbox 952 807 990 835; x_wconf 85' lang='lat' dir='ltr'>V.</span> <span class='ocrx_word' id='word_1_37' title='bbox 1028 794 1136 834; x_wconf 75' lang='lat'>1287</span> <span class='ocrx_word' id='word_1_38' title='bbox 1172 798 1309 835; x_wconf 86' lang='lat' dir='ltr'>motus</span> <span class='ocrx_word' id='word_1_39' title='bbox 1351 795 1504 836; x_wconf 78' lang='lat' dir='ltr'>lenitur</span> <span class='ocrx_word' id='word_1_40' title='bbox 1546 796 1728 850; x_wconf 72' lang='lat' dir='ltr'>dactylis</span> <span class='ocrx_word' id='word_1_41' title='bbox 1766 798 1838 838; x_wconf 86' lang='lat' dir='ltr'>ad-</span> 
     </span>
     <span class='ocr_line' id='line_1_9' title="bbox 300 861 1839 918; baseline 0.004 -17"><span class='ocrx_word' id='word_1_42' title='bbox 300 861 442 902; x_wconf 83' lang='lat' dir='ltr'>hibitis</span> <span class='ocrx_word' id='word_1_43' title='bbox 478 863 530 902; x_wconf 72' lang='lat'>14</span> <span class='ocrx_word' id='word_1_44' title='bbox 563 863 769 904; x_wconf 74' lang='lat' dir='ltr'>continuis</span> <span class='ocrx_word' id='word_1_45' title='bbox 803 863 871 915; x_wconf 87' lang='lat' dir='ltr'>qui</span> <span class='ocrx_word' id='word_1_46' title='bbox 906 877 981 917; x_wconf 91' lang='lat' dir='ltr'>pro</span> <span class='ocrx_word' id='word_1_47' title='bbox 1014 863 1222 916; x_wconf 79' lang='lat' dir='ltr'>dignitate</span> <span class='ocrx_word' id='word_1_48' title='bbox 1256 864 1443 918; x_wconf 89' lang='lat' dir='ltr'>dearum,</span> <span class='ocrx_word' id='word_1_49' title='bbox 1471 878 1579 917; x_wconf 81' lang='lat' dir='ltr'>quae</span> <span class='ocrx_word' id='word_1_50' title='bbox 1611 865 1692 907; x_wconf 87' lang='lat' dir='ltr'>iam</span> <span class='ocrx_word' id='word_1_51' title='bbox 1726 866 1839 908; x_wconf 88' lang='lat' dir='ltr'>invo-</span> 
     </span>
     <span class='ocr_line' id='line_1_10' title="bbox 300 932 1552 987; baseline 0.004 -16"><span class='ocrx_word' id='word_1_52' title='bbox 300 937 459 985; x_wconf 81' lang='lat' dir='ltr'>cantur,</span> <span class='ocrx_word' id='word_1_53' title='bbox 494 932 669 974; x_wconf 87' lang='lat' dir='ltr'>Veneris</span> <span class='ocrx_word' id='word_1_54' title='bbox 702 937 742 973; x_wconf 91' lang='lat' dir='ltr'>et</span> <span class='ocrx_word' id='word_1_55' title='bbox 775 933 906 987; x_wconf 86' lang='lat' dir='ltr'>ipsius</span> <span class='ocrx_word' id='word_1_56' title='bbox 940 933 1115 987; x_wconf 76' lang='lat' dir='ltr'>Quietis,</span> <span class='ocrx_word' id='word_1_57' title='bbox 1149 933 1321 987; x_wconf 79' lang='lat' dir='ltr'>gravius</span> <span class='ocrx_word' id='word_1_58' title='bbox 1353 934 1552 976; x_wconf 86' lang='lat' dir='ltr'>incedunt</span> 
     </span>
     <span class='ocr_line' id='line_1_11' title="bbox 649 1006 1439 1061; baseline 0.003 -12"><span class='ocrx_word' id='word_1_59' title='bbox 649 1006 736 1049; x_wconf 84' lang='grc' dir='ltr'>εἶτα</span> <span class='ocrx_word' id='word_1_60' title='bbox 770 1012 815 1050; x_wconf 78' lang='grc' dir='ltr'>δὲ</span> <span class='ocrx_word' id='word_1_61' title='bbox 849 1011 1062 1059; x_wconf 82' lang='grc' dir='ltr'>δαίμονας,</span> <span class='ocrx_word' id='word_1_62' title='bbox 1097 1010 1160 1059; x_wconf 81' lang='grc' dir='ltr'>οἷς</span> <span class='ocrx_word' id='word_1_63' title='bbox 1194 1011 1439 1061; x_wconf 79' lang='grc' dir='ltr'>ἐπιμάρτυσι</span> 
     </span>
     <span class='ocr_line' id='line_1_12' title="bbox 648 1079 1289 1130; baseline 0.005 -11"><span class='ocrx_word' id='word_1_64' title='bbox 648 1079 872 1130; x_wconf 83' lang='grc' dir='ltr'>χρησόμεθ’</span> <span class='ocrx_word' id='word_1_65' title='bbox 905 1084 980 1121; x_wconf 83' lang='grc' dir='ltr'>οὐκ</span> <span class='ocrx_word' id='word_1_66' title='bbox 1013 1081 1289 1130; x_wconf 81' lang='grc' dir='ltr'>ἐπιλήσμοσιν</span> 
     </span>
     <span class='ocr_line' id='line_1_13' title="bbox 650 1151 1384 1202; baseline 0.004 -12"><span class='ocrx_word' id='word_1_67' title='bbox 650 1151 825 1200; x_wconf 83' lang='grc' dir='ltr'>ἡσυχίας</span> <span class='ocrx_word' id='word_1_68' title='bbox 856 1152 946 1201; x_wconf 78' lang='grc' dir='ltr'>πέρι</span> <span class='ocrx_word' id='word_1_69' title='bbox 979 1155 1052 1201; x_wconf 83' lang='grc' dir='ltr'>τῆς</span> <span class='ocrx_word' id='word_1_70' title='bbox 1086 1152 1384 1202; x_wconf 80' lang='grc' dir='ltr'>ἀγανόφρονος</span> 
     </span>
     <span class='ocr_line' id='line_1_14' title="bbox 649 1221 1207 1271; baseline 0.004 -12"><span class='ocrx_word' id='word_1_71' title='bbox 649 1221 698 1270; x_wconf 78' lang='grc' dir='ltr'>ἢν</span> <span class='ocrx_word' id='word_1_72' title='bbox 731 1221 902 1271; x_wconf 82' lang='grc' dir='ltr'>ἐποίησε</span> <span class='ocrx_word' id='word_1_73' title='bbox 936 1222 1011 1262; x_wconf 89' lang='grc' dir='ltr'>θεὰ</span> <span class='ocrx_word' id='word_1_74' title='bbox 1045 1221 1207 1271; x_wconf 86' lang='grc' dir='ltr'>Κύπρις.</span> 
     </span>
     <span class='ocr_line' id='line_1_15' title="bbox 302 1295 1655 1339; baseline 0.003 -4"><span class='ocrx_word' id='word_1_75' title='bbox 302 1295 453 1336; x_wconf 85' lang='lat' dir='ltr'>deinde</span> <span class='ocrx_word' id='word_1_76' title='bbox 488 1295 624 1336; x_wconf 86' lang='lat' dir='ltr'>denuo</span> <span class='ocrx_word' id='word_1_77' title='bbox 657 1296 854 1337; x_wconf 85' lang='lat' dir='ltr'>incitatur</span> <span class='ocrx_word' id='word_1_78' title='bbox 886 1297 1038 1338; x_wconf 85' lang='lat' dir='ltr'>chorus</span> <span class='ocrx_word' id='word_1_79' title='bbox 1071 1310 1233 1338; x_wconf 81' lang='lat' dir='ltr'>Summa</span> <span class='ocrx_word' id='word_1_80' title='bbox 1266 1298 1428 1339; x_wconf 86' lang='lat' dir='ltr'>laetitia</span> <span class='ocrx_word' id='word_1_81' title='bbox 1461 1299 1655 1339; x_wconf 80' lang='lat' dir='ltr'>exultans</span> 
     </span>
     <span class='ocr_line' id='line_1_16' title="bbox 579 1374 1224 1424; baseline 0.003 -11"><span class='ocrx_word' id='word_1_82' title='bbox 579 1386 618 1413; x_wconf 89' lang='lat' dir='ltr'>v.</span> <span class='ocrx_word' id='word_1_83' title='bbox 655 1374 759 1413; x_wconf 82' lang='grc'><strong>1291</strong></span> <span class='ocrx_word' id='word_1_84' title='bbox 798 1375 945 1413; x_wconf 85' lang='grc' dir='ltr'>ἀλαλαὶ</span> <span class='ocrx_word' id='word_1_85' title='bbox 980 1374 1016 1424; x_wconf 83' lang='grc' dir='ltr'>ἰὴ</span> <span class='ocrx_word' id='word_1_86' title='bbox 1049 1375 1224 1424; x_wconf 86' lang='grc' dir='ltr'>παιήων·</span> 
     </span>
     <span class='ocr_line' id='line_1_17' title="bbox 803 1442 1173 1494; baseline 0.003 -11"><span class='ocrx_word' id='word_1_87' title='bbox 803 1442 963 1494; x_wconf 74' lang='grc' dir='ltr'>αἴρεσθ’</span> <span class='ocrx_word' id='word_1_88' title='bbox 996 1443 1083 1484; x_wconf 83' lang='grc' dir='ltr'>ἄνω</span> <span class='ocrx_word' id='word_1_89' title='bbox 1119 1445 1173 1484; x_wconf 88' lang='grc' dir='ltr'>ιάί</span> 
     </span>
     <span class='ocr_line' id='line_1_18' title="bbox 802 1514 1167 1568; baseline 0 -14"><span class='ocrx_word' id='word_1_90' title='bbox 802 1515 861 1563; x_wconf 81' lang='grc' dir='ltr'>ὡς</span> <span class='ocrx_word' id='word_1_91' title='bbox 894 1515 956 1554; x_wconf 79' lang='grc' dir='ltr'>ἐπὶ</span> <span class='ocrx_word' id='word_1_92' title='bbox 988 1515 1077 1568; x_wconf 86' lang='grc' dir='ltr'>νίκῃ</span> <span class='ocrx_word' id='word_1_93' title='bbox 1113 1514 1167 1554; x_wconf 82' lang='grc' dir='ltr'>ἰαί</span> 
     </span>
     <span class='ocr_line' id='line_1_19' title="bbox 803 1584 1266 1625; baseline 0 -1"><span class='ocrx_word' id='word_1_94' title='bbox 803 1584 890 1624; x_wconf 79' lang='grc' dir='ltr'>ευοῑ</span> <span class='ocrx_word' id='word_1_95' title='bbox 923 1584 1010 1624; x_wconf 78' lang='grc' dir='ltr'>εὺοῑ</span> <span class='ocrx_word' id='word_1_96' title='bbox 1042 1584 1131 1625; x_wconf 75' lang='grc' dir='ltr'>ευαὶ</span> <span class='ocrx_word' id='word_1_97' title='bbox 1164 1585 1266 1625; x_wconf 75' lang='grc' dir='ltr'>εὐαί.</span> 
     </span>
     <span class='ocr_line' id='line_1_20' title="bbox 302 1660 1843 1714; baseline 0.002 -14"><span class='ocrx_word' id='word_1_98' title='bbox 302 1660 452 1700; x_wconf 86' lang='lat' dir='ltr'>etenim</span> <span class='ocrx_word' id='word_1_99' title='bbox 485 1660 610 1700; x_wconf 86' lang='lat' dir='ltr'>animi</span> <span class='ocrx_word' id='word_1_100' title='bbox 644 1660 813 1701; x_wconf 87' lang='lat' dir='ltr'>humani</span> <span class='ocrx_word' id='word_1_101' title='bbox 847 1666 922 1714; x_wconf 86' lang='lat' dir='ltr'>cst,</span> <span class='ocrx_word' id='word_1_102' title='bbox 955 1666 1001 1702; x_wconf 91' lang='lat' dir='ltr'>ut</span> <span class='ocrx_word' id='word_1_103' title='bbox 1033 1660 1074 1701; x_wconf 89' lang='lat' dir='ltr'>in</span> <span class='ocrx_word' id='word_1_104' title='bbox 1106 1674 1269 1702; x_wconf 85' lang='lat' dir='ltr'>summa</span> <span class='ocrx_word' id='word_1_105' title='bbox 1302 1661 1466 1703; x_wconf 84' lang='lat' dir='ltr'>laetitia</span> <span class='ocrx_word' id='word_1_106' title='bbox 1504 1661 1714 1703; x_wconf 87' lang='lat' dir='ltr'>interdum</span> <span class='ocrx_word' id='word_1_107' title='bbox 1748 1663 1843 1704; x_wconf 89' lang='lat' dir='ltr'>reti-</span> 
     </span>
     <span class='ocr_line' id='line_1_21' title="bbox 302 1730 1843 1788; baseline 0.004 -19"><span class='ocrx_word' id='word_1_108' title='bbox 302 1734 449 1770; x_wconf 87' lang='lat' dir='ltr'>neatur</span> <span class='ocrx_word' id='word_1_109' title='bbox 481 1730 784 1785; x_wconf 76' lang='lat' dir='ltr'>aliquantisper</span> <span class='ocrx_word' id='word_1_110' title='bbox 817 1735 858 1771; x_wconf 92' lang='lat' dir='ltr'>ct</span> <span class='ocrx_word' id='word_1_111' title='bbox 890 1731 929 1771; x_wconf 88' lang='lat' dir='ltr'>in</span> <span class='ocrx_word' id='word_1_112' title='bbox 963 1731 1217 1773; x_wconf 83' lang='lat' dir='ltr'>contrarium</span> <span class='ocrx_word' id='word_1_113' title='bbox 1251 1731 1476 1786; x_wconf 86' lang='lat' dir='ltr'>transiliat,</span> <span class='ocrx_word' id='word_1_114' title='bbox 1506 1737 1551 1773; x_wconf 90' lang='lat' dir='ltr'>ut</span> <span class='ocrx_word' id='word_1_115' title='bbox 1573 1733 1715 1787; x_wconf 86' lang='lat' dir='ltr'>paullo</span> <span class='ocrx_word' id='word_1_116' title='bbox 1748 1740 1843 1788; x_wconf 88' lang='lat' dir='ltr'>post</span> 
     </span>
     <span class='ocr_line' id='line_1_22' title="bbox 300 1799 1840 1854; baseline 0.004 -15"><span class='ocrx_word' id='word_1_117' title='bbox 300 1799 456 1842; x_wconf 88' lang='lat' dir='ltr'>viribus</span> <span class='ocrx_word' id='word_1_118' title='bbox 489 1800 609 1853; x_wconf 87' lang='lat' dir='ltr'>quasi</span> <span class='ocrx_word' id='word_1_119' title='bbox 642 1800 940 1854; x_wconf 76' lang='lat' dir='ltr'>redintegratis</span> <span class='ocrx_word' id='word_1_120' title='bbox 964 1800 1100 1842; x_wconf 89' lang='lat' dir='ltr'>denuo</span> <span class='ocrx_word' id='word_1_121' title='bbox 1124 1815 1175 1842; x_wconf 88' lang='lat' dir='ltr'>ac</span> <span class='ocrx_word' id='word_1_122' title='bbox 1208 1801 1495 1844; x_wconf 88' lang='lat' dir='ltr'>vehementius</span> <span class='ocrx_word' id='word_1_123' title='bbox 1519 1802 1645 1843; x_wconf 87' lang='lat' dir='ltr'>etiam</span> <span class='ocrx_word' id='word_1_124' title='bbox 1667 1804 1840 1846; x_wconf 83' lang='lat' dir='ltr'>exultet.</span> 
     </span>
     <span class='ocr_line' id='line_1_23' title="bbox 301 1870 1842 1926; baseline 0.003 -15"><span class='ocrx_word' id='word_1_125' title='bbox 301 1883 382 1922; x_wconf 86' lang='lat' dir='ltr'>quo</span> <span class='ocrx_word' id='word_1_126' title='bbox 415 1870 590 1912; x_wconf 86' lang='lat' dir='ltr'>artificio</span> <span class='ocrx_word' id='word_1_127' title='bbox 623 1871 679 1912; x_wconf 92' lang='lat' dir='ltr'>ad</span> <span class='ocrx_word' id='word_1_128' title='bbox 711 1884 914 1912; x_wconf 83' lang='lat' dir='ltr'>summam</span> <span class='ocrx_word' id='word_1_129' title='bbox 956 1871 1162 1912; x_wconf 86' lang='lat' dir='ltr'>laetitiam</span> <span class='ocrx_word' id='word_1_130' title='bbox 1195 1871 1508 1926; x_wconf 80' lang='lat' dir='ltr'>depingendam</span> <span class='ocrx_word' id='word_1_131' title='bbox 1542 1872 1594 1914; x_wconf 89' lang='lat' dir='ltr'>de</span> <span class='ocrx_word' id='word_1_132' title='bbox 1634 1872 1842 1915; x_wconf 82' lang='lat' dir='ltr'>industria</span> 
     </span>
     <span class='ocr_line' id='line_1_24' title="bbox 301 1940 1284 1996; baseline 0.004 -16"><span class='ocrx_word' id='word_1_133' title='bbox 301 1944 426 1992; x_wconf 86' lang='lat' dir='ltr'>atque</span> <span class='ocrx_word' id='word_1_134' title='bbox 459 1940 615 1994; x_wconf 86' lang='lat' dir='ltr'>optime</span> <span class='ocrx_word' id='word_1_135' title='bbox 648 1953 766 1982; x_wconf 89' lang='lat' dir='ltr'>usum</span> <span class='ocrx_word' id='word_1_136' title='bbox 801 1954 893 1982; x_wconf 89' lang='lat' dir='ltr'>esse</span> <span class='ocrx_word' id='word_1_137' title='bbox 926 1946 1095 1996; x_wconf 86' lang='lat' dir='ltr'>poetam</span> <span class='ocrx_word' id='word_1_138' title='bbox 1127 1946 1284 1996; x_wconf 88' lang='lat' dir='ltr'>putem.</span> 
     </span>
     <span class='ocr_line' id='line_1_25' title="bbox 442 2017 1562 2069; baseline 0.003 -12"><span class='ocrx_word' id='word_1_139' title='bbox 442 2017 491 2058; x_wconf 89' lang='lat' dir='ltr'>T.</span> <span class='ocrx_word' id='word_1_140' title='bbox 526 2031 564 2058; x_wconf 88' lang='lat' dir='ltr'>v.</span> <span class='ocrx_word' id='word_1_141' title='bbox 598 2018 683 2058; x_wconf 71' lang='lat'>524</span> <span class='ocrx_word' id='word_1_142' title='bbox 716 2030 778 2069; x_wconf 88' lang='lat' dir='ltr'>sq.</span> <span class='ocrx_word' id='word_1_143' title='bbox 812 2018 910 2058; x_wconf 87' lang='grc' dir='ltr'>τάδε</span> <span class='ocrx_word' id='word_1_144' title='bbox 942 2019 1021 2068; x_wconf 88' lang='grc' dir='ltr'>γὰρ</span> <span class='ocrx_word' id='word_1_145' title='bbox 1055 2018 1183 2059; x_wconf 82' lang='grc' dir='ltr'>εἰπεῖν</span> <span class='ocrx_word' id='word_1_146' title='bbox 1215 2020 1289 2069; x_wconf 84' lang='grc' dir='ltr'>τὴν</span> <span class='ocrx_word' id='word_1_147' title='bbox 1320 2021 1562 2069; x_wconf 80' lang='grc' dir='ltr'>πανοῦργον</span> 
     </span>
     <span class='ocr_line' id='line_1_26' title="bbox 811 2088 1539 2139; baseline 0.001 -11"><span class='ocrx_word' id='word_1_148' title='bbox 811 2089 913 2129; x_wconf 88' lang='grc' dir='ltr'>κατὰ</span> <span class='ocrx_word' id='word_1_149' title='bbox 944 2089 992 2129; x_wconf 86' lang='grc' dir='ltr'>το</span> <span class='ocrx_word' id='word_1_150' title='bbox 1025 2089 1214 2139; x_wconf 87' lang='grc' dir='ltr'>φανερὸν</span> <span class='ocrx_word' id='word_1_151' title='bbox 1248 2088 1321 2130; x_wconf 80' lang='grc' dir='ltr'>ὧδ’</span> <span class='ocrx_word' id='word_1_152' title='bbox 1355 2088 1539 2138; x_wconf 77' lang='grc' dir='ltr'>ἀναιδῶς</span> 
     </span>
     <span class='ocr_line' id='line_1_27' title="bbox 812 2158 1258 2212; baseline 0.002 -14"><span class='ocrx_word' id='word_1_153' title='bbox 812 2158 887 2198; x_wconf 75' lang='grc' dir='ltr'>οὒκ</span> <span class='ocrx_word' id='word_1_154' title='bbox 919 2158 969 2199; x_wconf 86' lang='grc' dir='ltr'>ἂν</span> <span class='ocrx_word' id='word_1_155' title='bbox 1002 2158 1146 2212; x_wconf 80' lang='grc' dir='ltr'>ᾠόμην</span> <span class='ocrx_word' id='word_1_156' title='bbox 1178 2161 1258 2199; x_wconf 89' lang='grc' dir='ltr'>κτλ.</span> 
     </span>
     <span class='ocr_line' id='line_1_28' title="bbox 302 2232 1843 2287; baseline 0.004 -15"><span class='ocrx_word' id='word_1_157' title='bbox 302 2245 465 2273; x_wconf 86' lang='lat' dir='ltr'>summa</span> <span class='ocrx_word' id='word_1_158' title='bbox 505 2232 619 2273; x_wconf 82' lang='lat' dir='ltr'>chori</span> <span class='ocrx_word' id='word_1_159' title='bbox 662 2232 896 2287; x_wconf 77' lang='lat' dir='ltr'>indignatio</span> <span class='ocrx_word' id='word_1_160' title='bbox 937 2248 976 2275; x_wconf 88' lang='lat' dir='ltr'>v.</span> <span class='ocrx_word' id='word_1_161' title='bbox 1017 2235 1102 2275; x_wconf 74' lang='lat'>525</span> <span class='ocrx_word' id='word_1_162' title='bbox 1153 2233 1288 2276; x_wconf 82' lang='lat' dir='ltr'>ambis</span> <span class='ocrx_word' id='word_1_163' title='bbox 1339 2235 1502 2276; x_wconf 81' lang='lat' dir='ltr'>arsibus</span> <span class='ocrx_word' id='word_1_164' title='bbox 1548 2235 1696 2278; x_wconf 84' lang='lat' dir='ltr'>solutis</span> <span class='ocrx_word' id='word_1_165' title='bbox 1737 2236 1843 2278; x_wconf 86' lang='lat' dir='ltr'>bene</span> 
     </span>
     <span class='ocr_line' id='line_1_29' title="bbox 304 2302 1842 2358; baseline 0.005 -17"><span class='ocrx_word' id='word_1_166' title='bbox 304 2302 564 2356; x_wconf 77' lang='lat' dir='ltr'>exprimitur.</span> <span class='ocrx_word' id='word_1_167' title='bbox 627 2302 807 2355; x_wconf 87' lang='lat' dir='ltr'>denique</span> <span class='ocrx_word' id='word_1_168' title='bbox 841 2303 894 2345; x_wconf 90' lang='lat' dir='ltr'>‹le</span> <span class='ocrx_word' id='word_1_169' title='bbox 926 2303 1136 2345; x_wconf 86' lang='lat' dir='ltr'>trochaeis</span> <span class='ocrx_word' id='word_1_170' title='bbox 1168 2304 1263 2358; x_wconf 84' lang='lat' dir='ltr'>illis,</span> <span class='ocrx_word' id='word_1_171' title='bbox 1298 2304 1367 2357; x_wconf 90' lang='lat' dir='ltr'>qui</span> <span class='ocrx_word' id='word_1_172' title='bbox 1396 2305 1682 2348; x_wconf 81' lang='lat' dir='ltr'>adhortationi</span> <span class='ocrx_word' id='word_1_173' title='bbox 1715 2308 1842 2349; x_wconf 83' lang='lat' dir='ltr'>inser-</span> 
     </span>
     <span class='ocr_line' id='line_1_30' title="bbox 304 2372 1842 2429; baseline 0.005 -17"><span class='ocrx_word' id='word_1_174' title='bbox 304 2372 433 2425; x_wconf 72' lang='lat' dir='ltr'>viunt,</span> <span class='ocrx_word' id='word_1_175' title='bbox 467 2386 672 2426; x_wconf 87' lang='lat' dir='ltr'>moneam,</span> <span class='ocrx_word' id='word_1_176' title='bbox 706 2374 820 2415; x_wconf 90' lang='lat' dir='ltr'>velut</span> <span class='ocrx_word' id='word_1_177' title='bbox 852 2374 928 2417; x_wconf 85' lang='lat' dir='ltr'>Av.</span> <span class='ocrx_word' id='word_1_178' title='bbox 971 2389 1009 2417; x_wconf 85' lang='lat' dir='ltr'>v.</span> <span class='ocrx_word' id='word_1_179' title='bbox 1046 2376 1157 2416; x_wconf 80' lang='grc'><strong>1720</strong></span> <span class='ocrx_word' id='word_1_180' title='bbox 1190 2374 1317 2424; x_wconf 82' lang='grc' dir='ltr'>ἄναγε</span> <span class='ocrx_word' id='word_1_181' title='bbox 1351 2376 1457 2426; x_wconf 88' lang='grc' dir='ltr'>δίεχε</span> <span class='ocrx_word' id='word_1_182' title='bbox 1498 2377 1659 2427; x_wconf 88' lang='grc' dir='ltr'>πάραγε</span> <span class='ocrx_word' id='word_1_183' title='bbox 1690 2378 1842 2429; x_wconf 86' lang='grc' dir='ltr'>πάρεχε</span> 
     </span>
     <span class='ocr_line' id='line_1_31' title="bbox 304 2444 1213 2496; baseline 0.004 -14"><span class='ocrx_word' id='word_1_184' title='bbox 304 2444 584 2492; x_wconf 76' lang='grc' dir='ltr'>περιπέτεσθε,</span> <span class='ocrx_word' id='word_1_185' title='bbox 619 2444 667 2485; x_wconf 89' lang='lat' dir='ltr'>V.</span> <span class='ocrx_word' id='word_1_186' title='bbox 691 2458 729 2486; x_wconf 80' lang='lat' dir='ltr'>v,</span> <span class='ocrx_word' id='word_1_187' title='bbox 757 2445 867 2485; x_wconf 69' lang='grc'><strong>1326</strong></span> <span class='ocrx_word' id='word_1_188' title='bbox 900 2445 1018 2496; x_wconf 80' lang='grc' dir='ltr'>ἄνεχε</span> <span class='ocrx_word' id='word_1_189' title='bbox 1049 2447 1213 2496; x_wconf 86' lang='grc' dir='ltr'>πάρεχε.</span> 
     </span>
     <span class='ocr_line' id='line_1_32' title="bbox 447 2513 1841 2572; baseline 0.003 -17"><span class='ocrx_word' id='word_1_190' title='bbox 447 2513 645 2555; x_wconf 83' lang='lat' dir='ltr'>Carmina</span> <span class='ocrx_word' id='word_1_191' title='bbox 678 2515 718 2556; x_wconf 79' lang='grc' dir='ltr'>ἐξ</span> <span class='ocrx_word' id='word_1_192' title='bbox 751 2515 908 2564; x_wconf 83' lang='grc' dir='ltr'>ὁμοίων</span> <span class='ocrx_word' id='word_1_193' title='bbox 950 2514 1167 2556; x_wconf 85' lang='lat' dir='ltr'>trochaica</span> <span class='ocrx_word' id='word_1_194' title='bbox 1208 2515 1291 2556; x_wconf 89' lang='lat' dir='ltr'>duo</span> <span class='ocrx_word' id='word_1_195' title='bbox 1331 2515 1610 2559; x_wconf 82' lang='lat' dir='ltr'>inveniuntur.</span> <span class='ocrx_word' id='word_1_196' title='bbox 1674 2517 1710 2558; x_wconf 87' lang='lat' dir='ltr'>T</span> <span class='ocrx_word' id='word_1_197' title='bbox 1743 2518 1841 2572; x_wconf 76' lang='lat'>959,</span> 
     </span>
     <span class='ocr_line' id='line_1_33' title="bbox 304 2583 1841 2642; baseline 0.005 -19"><span class='ocrx_word' id='word_1_198' title='bbox 304 2583 375 2623; x_wconf 84' lang='lat' dir='ltr'>ubi</span> <span class='ocrx_word' id='word_1_199' title='bbox 412 2586 429 2624; x_wconf 88' lang='lat'>1</span> <span class='ocrx_word' id='word_1_200' title='bbox 457 2586 482 2624; x_wconf 83' lang='grc'><strong>2</strong></span> <span class='ocrx_word' id='word_1_201' title='bbox 505 2585 531 2624; x_wconf 73' lang='lat'>4</span> <span class='ocrx_word' id='word_1_202' title='bbox 564 2584 764 2639; x_wconf 76' lang='lat' dir='ltr'>trochaei,</span> <span class='ocrx_word' id='word_1_203' title='bbox 799 2586 868 2638; x_wconf 88' lang='lat' dir='ltr'>qui</span> <span class='ocrx_word' id='word_1_204' title='bbox 901 2591 1040 2627; x_wconf 88' lang='lat' dir='ltr'>tamen</span> <span class='ocrx_word' id='word_1_205' title='bbox 1063 2585 1334 2627; x_wconf 84' lang='lat' dir='ltr'>continuandi</span> <span class='ocrx_word' id='word_1_206' title='bbox 1358 2592 1466 2641; x_wconf 85' lang='lat' dir='ltr'>sunt,</span> <span class='ocrx_word' id='word_1_207' title='bbox 1490 2593 1552 2628; x_wconf 89' lang='lat' dir='ltr'>ter</span> <span class='ocrx_word' id='word_1_208' title='bbox 1574 2592 1841 2642; x_wconf 87' lang='lat' dir='ltr'>repetuntur:</span> 
     </span>
    </p>
   </div>
   <div class='ocr_carea' id='block_1_3' title="bbox 307 2726 1842 2943">
    <p class='ocr_par' dir='ltr' id='par_1_3' title="bbox 307 2726 1842 2943">
     <span class='ocr_line' id='line_1_34' title="bbox 448 2726 1841 2771; baseline 0.003 -12"><span class='ocrx_word' id='word_1_209' title='bbox 448 2728 475 2768; x_wconf 15' lang='lat'>¹»)</span> <span class='ocrx_word' id='word_1_210' title='bbox 503 2726 601 2760; x_wconf 78' lang='lat' dir='ltr'>Nam</span> <span class='ocrx_word' id='word_1_211' title='bbox 638 2727 693 2760; x_wconf 87' lang='lat' dir='ltr'>sic</span> <span class='ocrx_word' id='word_1_212' title='bbox 729 2737 817 2760; x_wconf 89' lang='lat' dir='ltr'>cum</span> <span class='ocrx_word' id='word_1_213' title='bbox 845 2726 1039 2761; x_wconf 69' lang='lat' dir='ltr'>Meinekio</span> <span class='ocrx_word' id='word_1_214' title='bbox 1078 2737 1146 2771; x_wconf 86' lang='lat' dir='ltr'>pro</span> <span class='ocrx_word' id='word_1_215' title='bbox 1175 2727 1287 2768; x_wconf 77' lang='grc' dir='ltr'>ἔπαγε</span> <span class='ocrx_word' id='word_1_216' title='bbox 1323 2727 1406 2761; x_wconf 90' lang='lat' dir='ltr'>cod.</span> <span class='ocrx_word' id='word_1_217' title='bbox 1442 2727 1474 2761; x_wconf 83' lang='lat' dir='ltr'><strong>R</strong></span> <span class='ocrx_word' id='word_1_218' title='bbox 1510 2727 1559 2761; x_wconf 84' lang='lat' dir='ltr'>ad</span> <span class='ocrx_word' id='word_1_219' title='bbox 1595 2729 1841 2771; x_wconf 84' lang='lat' dir='ltr'>aoristorum‚</span> 
     </span>
     <span class='ocr_line' id='line_1_35' title="bbox 307 2785 1842 2829; baseline 0.003 -12"><span class='ocrx_word' id='word_1_220' title='bbox 307 2785 372 2825; x_wconf 80' lang='lat' dir='ltr'>qui</span> <span class='ocrx_word' id='word_1_221' title='bbox 403 2788 636 2828; x_wconf 74' lang='lat' dir='ltr'>sequuntur,</span> <span class='ocrx_word' id='word_1_222' title='bbox 665 2786 887 2829; x_wconf 83' lang='lat' dir='ltr'>exemplum</span> <span class='ocrx_word' id='word_1_223' title='bbox 921 2785 1170 2820; x_wconf 80' lang='lat' dir='ltr'>scribendum</span> <span class='ocrx_word' id='word_1_224' title='bbox 1207 2790 1276 2819; x_wconf 79' lang='lat' dir='ltr'>est.</span> <span class='ocrx_word' id='word_1_225' title='bbox 1328 2797 1417 2819; x_wconf 81' lang='lat' dir='ltr'>nam</span> <span class='ocrx_word' id='word_1_226' title='bbox 1451 2787 1616 2828; x_wconf 88' lang='grc' dir='ltr'>πρόσαγε</span> <span class='ocrx_word' id='word_1_227' title='bbox 1650 2788 1764 2829; x_wconf 88' lang='grc' dir='ltr'>χορόν</span> <span class='ocrx_word' id='word_1_228' title='bbox 1801 2789 1842 2822; x_wconf 89' lang='lat' dir='ltr'>in</span> 
     </span>
     <span class='ocr_line' id='line_1_36' title="bbox 307 2843 1841 2891; baseline 0.003 -15"><span class='ocrx_word' id='word_1_229' title='bbox 307 2843 536 2877; x_wconf 76' lang='lat' dir='ltr'>universum</span> <span class='ocrx_word' id='word_1_230' title='bbox 565 2844 677 2887; x_wconf 77' lang='lat' dir='ltr'>quasi</span> <span class='ocrx_word' id='word_1_231' title='bbox 704 2844 849 2877; x_wconf 81' lang='lat' dir='ltr'>dictum</span> <span class='ocrx_word' id='word_1_232' title='bbox 879 2848 948 2886; x_wconf 69' lang='lat' dir='ltr'>ost,</span> <span class='ocrx_word' id='word_1_233' title='bbox 975 2844 1115 2878; x_wconf 83' lang='lat' dir='ltr'>deinde</span> <span class='ocrx_word' id='word_1_234' title='bbox 1144 2845 1291 2889; x_wconf 81' lang='lat' dir='ltr'>singuli</span> <span class='ocrx_word' id='word_1_235' title='bbox 1324 2844 1572 2879; x_wconf 78' lang='lat' dir='ltr'>advocantur</span> <span class='ocrx_word' id='word_1_236' title='bbox 1598 2845 1670 2885; x_wconf 80' lang='lat' dir='ltr'>dei,</span> <span class='ocrx_word' id='word_1_237' title='bbox 1699 2847 1841 2891; x_wconf 83' lang='lat' dir='ltr'>quibus</span> 
     </span>
     <span class='ocr_line' id='line_1_37' title="bbox 308 2900 994 2943; baseline 0.004 -10"><span class='ocrx_word' id='word_1_238' title='bbox 308 2900 461 2943; x_wconf 74' lang='grc' dir='ltr'>Χάριτας</span> <span class='ocrx_word' id='word_1_239' title='bbox 488 2902 707 2936; x_wconf 78' lang='lat' dir='ltr'>reddendas</span> <span class='ocrx_word' id='word_1_240' title='bbox 734 2912 819 2937; x_wconf 76' lang='lat' dir='ltr'>esse</span> <span class='ocrx_word' id='word_1_241' title='bbox 849 2904 994 2937; x_wconf 85' lang='lat' dir='ltr'>censui.</span> 
     </span>
    </p>
   </div>
  </div>
 </body>
</html>
