2066 3366
935 226 1194 266 *2-

296 356 483 408 sing-ulos
517 368 660 396 versus
684 355 922 409 anteposita
948 355 1088 396 littera.
1110 370 1148 396 v.
1173 354 1434 407 significabo,
1460 355 1573 395 velut
1598 353 1645 396 Α.
1671 369 1708 396 v.
1733 355 1830 396 ⁶263.

296 426 584 478 significantur
617 430 757 465 autem
791 425 961 466 litteris:

506 507 541 546 A
604 506 898 547 Aelim-11c11ses
1181 507 1245 547 Av
1278 507 1390 547 Aves

498 577 568 628 >Eq
604 577 776 628 Equites
1181 576 1215 616 L
1277 576 1518 630 Lysistrata

506 647 540 688 N
604 647 748 689 Nubes
1181 649 1216 687 T
1280 647 1745 701 Thesnmplioriazusae

507 718 541 757 V
606 718 771 771 Vespae
1183 718 1219 758 R
1283 718 1428 758 Ranae

506 789 538 828 P
602 789 691 828 Pax
1186 789 1220 828 E
1285 788 1620 831 Ecclesiazusae.

400 976 547 1028 Quibus
582 977 679 1018 locis
713 988 828 1030 quem
863 977 910 1017 ad
943 977 1059 1018 tinem
1094 978 1269 1018 carmina
1303 978 1425 1030 lyrica
1458 978 1608 1019 inserta
1641 979 1730 1019 sint.

434 1067 477 1107 Si
507 1082 532 1108 a
561 1068 721 1121 parodo
752 1082 776 1108 a
807 1067 1005 1122 parabasi
1038 1068 1091 1108 ab
1115 1068 1252 1108 exodo
1276 1068 1536 1115 discesseris,
1570 1069 1711 1110 multis
1740 1069 1832 1110 aliis

294 1138 397 1178 locis
440 1138 592 1178 chorus
641 1143 802 1191 cantat,
846 1152 950 1190 quos
990 1137 1023 1179 si
1070 1138 1310 1179 accuratius
1355 1139 1684 1192 examinaveris,
1730 1140 1832 1180 satis

294 1208 455 1262 patebit
489 1221 569 1260 quo
604 1209 775 1249 consilio
810 1208 887 1249 boe
921 1209 1011 1249 loco
1046 1209 1234 1249 earmina
1266 1208 1426 1251 inserta
1457 1209 1552 1252 sint.

434 1278 518 1319 Sed
553 1279 796 1332 priusquam
831 1279 885 1320 ad
920 1292 1005 1319 rem
1039 1279 1308 1332 accedamus,
1332 1294 1493 1333 agones
1527 1293 1630 1332 quos
1661 1280 1833 1321 Zielins-

294 1348 389 1390 kius
437 1349 476 1389 in
526 1349 631 1390 libro
681 1350 792 1402 quod
841 1349 1082 1390 inscribitur
1123 1350 1400 1401 ‘Gliederung
1445 1351 1520 1391 der
1564 1351 1832 1391 altattischen

294 1419 513 1460 Komodie’
535 1420 701 1461 vocavit
730 1420 985 1474 segregandi
1015 1425 1122 1474 sunt,
1153 1421 1221 1461 ubi
1251 1420 1291 1460 in
1318 1420 1427 1461 ‘oda
1459 1421 1611 1462 chorus
1640 1421 1832 1475 procedit

293 1490 332 1529 in
378 1489 562 1530 ‘antoda'
606 1490 779 1532 recedit.
839 1492 988 1542 Neque
1032 1491 1147 1531 aliud
1202 1490 1426 1543 quicquam
1474 1491 1535 1532 bis
1580 1491 1833 1532 carminibus

293 1560 399 1600 effici
435 1560 600 1601 videtur
631 1561 709 1602 nisi
740 1566 783 1601 ut
815 1574 979 1614 scenae,
1009 1575 1117 1614 quae
1147 1561 1252 1602 odas
1281 1567 1524 1615 sequuntur,
1548 1561 1655 1602 inter
1678 1575 1770 1603 sese
1793 1567 1834 1603 et

293 1630 601 1683 coniungantur
633 1637 672 1672 et
706 1631 1029 1685 distinguantur.
1089 1632 1169 1673 bue
1203 1633 1411 1673 referendi
1452 1646 1618 1685 quoque
1656 1638 1752 1674 sunt
1790 1633 1830 1673 hi

292 1701 371 1741 loci
410 1702 446 1742 R
484 1703 587 1742 1251
630 1703 739 1743 1370
770 1707 806 1742 A
839 1703 924 1743 490
956 1703 993 1744 N
1025 1703 1107 1743 457
1144 1704 1179 1743 Τ
1213 1704 1297 1743 433
1319 1724 1371 1738 z
1396 1704 1482 1744 :320
1513 1705 1610 1745 459.

433 1773 537 1812 Item
572 1772 624 1813 de
657 1772 808 1813 ceteris
847 1786 951 1824 quos
989 1773 1071 1814 iam
1110 1773 1387 1814 tractabimus
1422 1773 1524 1814 loeis
1558 1773 1830 1814 iudicandum

292 1848 373 1896 est3
408 1843 531 1883 binae
564 1843 671 1883 enim
692 1856 845 1884 scenae
869 1844 934 1884 vel
956 1843 1094 1897 potius
1124 1843 1246 1884 binae
1270 1857 1490 1884 seenarmn
1514 1844 1830 1898 complexiones

293 1913 476 1954 carmine
497 1913 629 1966 lyrico
649 1913 906 1967 dividuntur,
927 1927 1048 1966 quem
1068 1914 1123 1955 ad
1145 1914 1267 1954 finem
1289 1914 1639 1968 antist1·‹‘›pllicum
1662 1927 1829 1955 carmen

293 1983 485 2024 adbiberi
527 1984 660 2024 solere
703 1984 940 2038 apparebit.
1004 1985 1040 2025 R
1086 1986 1195 2025 1099
1237 1990 1461 2038 postquam
1507 1985 1546 2024 in
1590 1984 1829 2025 universum

293 2054 344 2094 de
378 2054 577 2108 Aeschyli
611 2059 738 2106 atque
771 2055 986 2108 Euripidis
1019 2055 1158 2095 indole
1182 2056 1348 2109 poetica
1372 2055 1632 2109 disputatum
1666 2059 1741 2109 est,
1775 2055 1831 2095 ad

292 2126 491 2179 prologos
525 2125 639 2165 chori
674 2126 882 2166 canticum
917 2126 1221 2167 examinandos
1254 2126 1449 2167 traducit.
1503 2127 1539 2166 A
1562 2127 1644 2167 8:136
1678 2139 1831 2167 scenae

293 2210 400 2248 quae
434 2196 660 2236 admodum
704 2196 859 2237 similes
902 2202 995 2237 sunt
1037 2196 1314 2250 (illegarensis
1357 2203 1397 2237 et
1440 2197 1604 2246 Boeoti)
1646 2196 1830 2237 carmine

292 2267 424 2320 lyrico
459 2266 713 2308 dividuntur.
759 2266 1030 2320 Dicae‹‘›polis
1063 2281 1100 2308 v.
1135 2268 1219 2308 832
1251 2270 1315 2307 καὶ
1348 2269 1461 2317 χαῖρε
1494 2267 1641 2308 πόλλ’.
1669 2301 1677 2309 .
1704 2301 1711 2309 .
1746 2267 1832 2307 exit

293 2343 334 2377 ut
368 2338 543 2387 χοιρίδια
576 2338 753 2385 auferat,
777 2350 913 2388 neque
937 2337 1047 2388 quod
1071 2337 1168 2377 inde
1192 2351 1217 2377 a
1240 2352 1277 2377 v.
1302 2338 1385 2377 842
1410 2336 1496 2377 οὐδ’
1521 2337 1646 2386 ἄλλος
1670 2337 1830 2387 ἀνθρώ-

292 2420 382 2445 πων
422 2407 662 2456 ὑποψωνῶν
701 2417 758 2446 σε
799 2410 975 2456 πημανεῖ
1016 2421 1050 2447 τι
1092 2421 1117 2447 a
1160 2407 1286 2447 choro
1329 2407 1588 2460 appellatur,
1631 2406 1671 2446 in
1704 2418 1831 2447 scena

294 2489 388 2516 eum
422 2476 578 2516 versari
612 2481 767 2517 temere
801 2477 1069 2518 iudicandum
1105 2483 1179 2518 est.
1234 2476 1358 2517 etiam
1393 2477 1427 2517 L
1451 2478 1528 2518 781
1561 2481 1601 2517 et
1630 2477 1694 2518 Av
1721 2476 1832 2516 1470

295 2546 416 2585 binae
452 2559 603 2586 scenae
650 2546 755 2586 inter
799 2561 841 2587 se
888 2547 1124 2588 consimiles
1172 2546 1355 2587 carmine
1394 2546 1526 2600 lyrico
1572 2546 1828 2587 dividuntur.

294 2630 387 2656 nam
433 2615 510 2655 boe
549 2617 639 2656 loco
679 2617 828 2657 Avium
874 2631 1001 2658 scena
1045 2630 1153 2668 quae
1199 2616 1411 2657 antecedit
1456 2617 1655 2669 homines,
1703 2630 1830 2657 scena

294 2699 401 2737 quae
435 2687 621 2737 sequitur
655 2687 719 2727 dei
754 2687 892 2727 avium
928 2688 1070 2728 urbem
1104 2687 1308 2728 adeuntes
1340 2688 1564 2739 tinguntur.
1628 2687 1697 2727 illo
1736 2687 1829 2727 loco

295 2757 556 2809 Lysistratae
610 2771 737 2798 scena
790 2771 897 2809 quae
951 2758 1163 2799 antecedit
1196 2758 1435 2811 Lysistrata
1489 2758 1557 2798 vix
1611 2758 1828 2799 mulierum

295 2826 567 2880 cupiditatem
602 2828 812 2881 opprimit,
856 2841 983 2869 scena
1018 2841 1125 2880 quae
1158 2828 1346 2879 sequitur
1388 2827 1590 2880 Cinesias,
1627 2828 1694 2879 qui
1736 2828 1830 2870 illas

293 2901 499 2948 temptare
524 2897 623 2940 vult,
648 2897 872 2948 repellitur.
916 2911 991 2937 nec
1015 2897 1286 2938 omittendum
1322 2902 1383 2937 est
1416 2897 1455 2937 in
1480 2898 1670 2938 omnibus
1695 2912 1827 2951 paene
