2066 3366
822 293 873 299 -—
938 270 992 311 -lsi
1062 300 1109 304 ψ

191 397 339 450 quales
381 397 576 449 querelae
615 403 785 439 exstant,
827 399 924 441 Eur.
971 400 1068 443 llee.
1114 415 1150 442 v.
1199 402 1277 441 1132
1319 404 1511 452 φροῦδος
1552 404 1735 452 πρεσβὺς

191 471 371 519 φροῦδοι
405 470 562 517 παῖδες.
598 469 631 509 V
658 470 741 510 7:30
768 470 977 511 l'liiloeleo
1011 487 1032 511 a
1069 472 1151 511 tilio
1181 471 1421 525 impeditus,
1444 485 1493 511 ne
1516 472 1553 512 in
1580 472 1733 513 iudieia

191 539 338 592 exiret,
372 538 626 579 lamentatur
659 544 786 592 atque
820 554 929 592 (luae
963 541 1031 582 ille
1065 547 1203 582 monet
1237 541 1433 596 repudiat

543 611 594 659 μή
630 624 695 659 μοι
729 611 889 652 τούτων
922 615 1051 662 μηδὲν
1083 613 1299 663 ὑπισχνοῦ.

543 681 690 722 κείνων
723 682 868 732 ἔραμαι
904 686 1002 723 κεῖθι
1036 684 1234 733 γενοίμαν
1266 686 1348 724 κτλ.

190 750 226 790 V
258 751 342 790 3223
377 750 588 791 Pliiloeleo
622 766 647 792 a
680 752 762 792 filio
797 752 907 793 domi
942 758 1128 794 retentus
1169 767 1329 794 summa
1375 767 1464 794 eum
1509 755 1733 795 severitate

190 820 303 861 Iovis
336 825 408 861 aut
441 821 643 862 auxilium
677 827 749 863 aut
783 824 937 864 fulmen
971 824 1188 877 implorat:

352 905 390 933 v.
424 893 508 932 323
543 891 628 932 ἀλλ’
668 892 816 933 mles)
850 894 953 942 μέγα
977 893 1169 947 βρόντα1)

540 963 563 1012 ἥ
599 976 646 1012 με
678 964 860 1014 ποίησον
894 965 1051 1004 καπνὸν
1085 964 1285 1015 ἐξαίφνης
1319 969 1400 1005 κτλ.

354 1046 391 1074 v.
426 1034 511 1073 326
543 1033 756 1084 τόλμησον
789 1034 891 1076 ἄναξ
924 1035 1181 1085 χαρίσασθαί
1216 1050 1281 1085 μοι

540 1106 677 1154 πάθος
710 1105 925 1155 οἰκτείρας·

542 1176 564 1225 ἢ
600 1189 647 1226 με
680 1180 868 1230 κεραυνῷ
903 1178 1177 1231 διατινθαλέῳ

538 1247 750 1288 σπόδισον
781 1248 939 1297 ταχέως
971 1250 1052 1288 κτλ.

189 1315 443 1357 antecedunt
477 1316 559 1357 duo
592 1316 715 1357 ioniei
750 1332 772 1357 a
807 1317 979 1371 minore,
1010 1331 1184 1370 quorum
1214 1318 1325 1372 prior
1349 1319 1515 1360 molossi
1550 1320 1733 1374 speeiem

188 1386 378 1440 praebet.
1460 1442 1463 1445 Ι

329 1457 586 1511 Anapaesti,
629 1457 725 1509 quia
760 1462 913 1499 natura
960 1459 1148 1511 graviter
1196 1464 1236 1500 et
1282 1460 1522 1501 solemniter
1569 1467 1732 1514 sonant,

189 1526 345 1581 optime
378 1527 433 1568 ad
466 1527 667 1582 prosodia
700 1528 964 1582 conveniunt,
1000 1529 1111 1570 velut
1145 1529 1181 1570 R
1215 1530 1312 1584 372,
1347 1530 1417 1571 ubi
1456 1531 1607 1572 chorus
1641 1545 1734 1585 pro-

176 1585 344 1639 ¹<sedens
378 1598 675 1653 Proserpinam
707 1598 856 1640 laudat

470 1682 509 1711 v.
543 1669 625 1710 377
661 1669 741 1710 ἀλλ)
780 1670 883 1720 ἔμβα
915 1670 1067 1720 χῶπως
1101 1671 1213 1721 ἀρεῖς

660 1742 734 1790 τήν
766 1741 977 1791 Σώτειραν
1009 1742 1212 1791 γενναίως

659 1814 706 1863 τῇ
742 1815 863 1864 φωνῇ
898 1814 1120 1861 μολμάζων
1153 1815 1247 1860 κτλ.,

186 1879 377 1922 thesibus
418 1884 559 1921 autem
600 1881 738 1934 longis
780 1882 1023 1923 solemnitas
1062 1887 1254 1936 augetur.
1300 1913 1352 1917 --
1395 1885 1618 1937 anapaesti
1660 1884 1733 1924 ad-

187 1950 383 1992 hibentur
423 1950 464 1991 in
505 1951 808 2006 imprecatione
855 1952 1028 1994 deorum
1069 1954 1101 1994 P
1144 1954 1228 1995 974
1271 1955 1306 1994 T
1349 1955 1417 1996 39.
1481 1954 1733 1995 conveniunt

187 2021 315 2063 etiam
347 2021 402 2063 ad
434 2022 501 2063 Av
536 2022 660 2076 1058,
694 2022 765 2064 ubi
798 2036 899 2065 aves
932 2028 1187 2078 potestatem
1219 2037 1338 2066 suam
1371 2024 1549 2066 laudant

657 2092 736 2143 ἤδη
764 2093 850 2142 ’μοὶ
882 2097 940 2148 τῷ
972 2094 1188 2148 παντόπτᾳ

659 2164 724 2203 καὶ
757 2166 973 2218 παντάρχᾳ
1006 2166 1147 2215 θνητοὶ
1180 2166 1332 2214 πάντες

661 2232 843 2273 θύσουσ’
882 2236 963 2274 κτλ.

190 2301 356 2343 arsibus
389 2301 535 2342 solutis
568 2301 805 2356 indignatio
838 2317 984 2345 senum
1017 2310 1057 2346 et
1090 2305 1324 2359 pertinacia
1347 2306 1565 2347 mulierum
1589 2306 1732 2361 depin-

189 2372 302 2426 gitur
334 2371 382 2414 L.
416 2385 455 2414 v.
488 2373 573 2414 482

470 2442 536 2494 ἐφ)
575 2443 598 2484 ὅ
630 2458 665 2485 τι
697 2458 740 2485 τε
773 2446 1082 2496 μεγαλόπετρον
1115 2446 1270 2497 ἄβατον
1304 2447 1529 2497 ἀκρόπολιν
1562 2451 1642 2489 κτλ.

190 2534 243 2549 =
277 2527 316 2556 V.
349 2513 433 2555 546
466 2514 524 2555 ἔνι
557 2516 719 2565 θράσος
752 2516 808 2556 ἔνι
843 2519 889 2557 δὲ
920 2518 967 2557 τὸ
1001 2518 1143 2568 σοφὸν
1177 2518 1233 2558 ἔνι
1267 2518 1487 2568 φιλόπολις
1519 2521 1599 2559 κτλ.

191 2584 381 2626 similiter
428 2585 494 2625 AV
543 2585 650 2639 3:27,
705 2586 776 2627 ubi
833 2587 999 2629 arsibus
1048 2588 1194 2629 solutis
1243 2589 1366 2629 timor
1419 2594 1459 2629 et
1505 2589 1731 2643 trepidatio

192 2655 346 2710 avium,
380 2669 489 2709 quae
530 2656 584 2697 ab
622 2670 768 2711 upupa
809 2658 1001 2713 proditas
1043 2673 1087 2701 se
1130 2673 1221 2702 esse
1262 2664 1425 2714 putant,
1469 2660 1731 2714 depingitur:

190 2727 469 2777 προδεδόμεθ’
516 2727 669 2768 ἀνόσιά
719 2729 751 2768 τ’
802 2729 1012 2780 ἐπάθομεν
1066 2733 1146 2771 κτλ.
1202 2732 1271 2785 (ef.
1320 2745 1391 2785 pg:
1444 2732 1524 2785 18),
1580 2731 1732 2771 deinde

191 2795 262 2837 ubi
295 2796 347 2838 de
380 2796 564 2850 antiquis
597 2796 738 2838 avium
770 2798 936 2852 legibus
968 2800 1174 2854 neglectis
1216 2806 1344 2854 atque
1386 2814 1520 2855 poena
1563 2814 1732 2856 upupae

334 2950 361 2995 1)
388 2950 488 2986 Nam
516 2952 571 2986 sie
599 2951 789 2986 traditum
816 2956 886 2986 est.
